<?xml version="1.0" encoding="UTF-8"?>
<!DOCTYPE html PUBLIC "-//W3C//DTD XHTML 1.0 Transitional//EN"
    "http://www.w3.org/TR/xhtml1/DTD/xhtml1-transitional.dtd">
<html xmlns="http://www.w3.org/1999/xhtml" xml:lang="en" lang="en">
 <head>
  <title>
</title>
<meta http-equiv="Content-Type" content="text/html;charset=utf-8" />
  <meta name='ocr-system' content='tesseract 3.04.00' />
  <meta name='ocr-capabilities' content='ocr_page ocr_carea ocr_par ocr_line ocrx_word'/>
</head>
<body>
  <div class='ocr_page' id='page_1' title='image "4777375_0011.png"; bbox 0 0 2796 3432; ppageno 0'>
   <div class='ocr_carea' id='block_1_1' title="bbox 1194 33 1609 79">
    <p class='ocr_par' dir='ltr' id='par_1_1' title="bbox 1194 33 1609 79">
     <span class='ocr_line' id='line_1_1' title="bbox 1194 33 1609 79; baseline 0 -8"><span class='ocrx_word' id='word_1_1' title='bbox 1194 33 1609 79; x_wconf 52' lang='grc'>*3.-</span> 
     </span>
    </p>
   </div>
   <div class='ocr_carea' id='block_1_2' title="bbox 709 157 2120 305">
    <p class='ocr_par' dir='ltr' id='par_1_2' title="bbox 709 157 2120 305">
     <span class='ocr_line' id='line_1_2' title="bbox 709 157 2120 221; baseline 0.001 -17"><span class='ocrx_word' id='word_1_2' title='bbox 709 159 821 220; x_wconf 73' lang='lat' dir='ltr'>quid</span> <span class='ocrx_word' id='word_1_3' title='bbox 849 160 1020 219; x_wconf 73' lang='lat' dir='ltr'>loquar,</span> <span class='ocrx_word' id='word_1_4' title='bbox 1053 168 1134 204; x_wconf 83' lang='lat' dir='ltr'>aut</span> <span class='ocrx_word' id='word_1_5' title='bbox 1163 158 1401 220; x_wconf 74' lang='lat' dir='ltr'>Scyllam</span> <span class='ocrx_word' id='word_1_6' title='bbox 1432 157 1575 211; x_wconf 74' lang='lat' dir='ltr'>Nisi,</span> <span class='ocrx_word' id='word_1_7' title='bbox 1610 175 1746 220; x_wconf 79' lang='lat' dir='ltr'>quam</span> <span class='ocrx_word' id='word_1_8' title='bbox 1763 161 1902 221; x_wconf 85' lang='lat' dir='ltr'>sama</span> <span class='ocrx_word' id='word_1_9' title='bbox 1935 168 2120 206; x_wconf 77' lang='lat' dir='ltr'>secutast</span> 
     </span>
     <span class='ocr_line' id='line_1_3' title="bbox 711 244 2079 305; baseline 0.002 -16"><span class='ocrx_word' id='word_1_10' title='bbox 711 244 905 290; x_wconf 69' lang='lat' dir='ltr'>candida</span> <span class='ocrx_word' id='word_1_11' title='bbox 937 245 1206 290; x_wconf 73' lang='lat' dir='ltr'><strong><em>succinctam</em></strong></span> <span class='ocrx_word' id='word_1_12' title='bbox 1238 244 1503 290; x_wconf 75' lang='lat' dir='ltr'>latrantibus</span> <span class='ocrx_word' id='word_1_13' title='bbox 1533 244 1725 305; x_wconf 71' lang='lat' dir='ltr'>inquina</span> <span class='ocrx_word' id='word_1_14' title='bbox 1755 245 1964 290; x_wconf 72' lang='lat' dir='ltr'><strong><em>monstris</em></strong></span> <span class='ocrx_word' id='word_1_15' title='bbox 1997 252 2079 292; x_wconf 84' lang='lat' dir='ltr'>cet.</span> 
     </span>
    </p>
   </div>
   <div class='ocr_carea' id='block_1_3' title="bbox 259 353 2581 3066">
    <p class='ocr_par' dir='ltr' id='par_1_3' title="bbox 259 353 2581 668">
     <span class='ocr_line' id='line_1_4' title="bbox 259 353 2581 411; baseline -0.001 -12"><span class='ocrx_word' id='word_1_16' title='bbox 259 355 442 399; x_wconf 88' lang='lat' dir='ltr'>nomine</span> <span class='ocrx_word' id='word_1_17' title='bbox 463 354 597 411; x_wconf 85' lang='lat' dir='ltr'>igitur</span> <span class='ocrx_word' id='word_1_18' title='bbox 625 357 859 410; x_wconf 84' lang='lat' dir='ltr'>poetarum</span> <span class='ocrx_word' id='word_1_19' title='bbox 880 367 1147 411; x_wconf 86' lang='lat' dir='ltr'>magnorum</span> <span class='ocrx_word' id='word_1_20' title='bbox 1168 356 1349 410; x_wconf 88' lang='lat' dir='ltr'>praeter</span> <span class='ocrx_word' id='word_1_21' title='bbox 1371 357 1542 397; x_wconf 86' lang='lat' dir='ltr'>ceteros</span> <span class='ocrx_word' id='word_1_22' title='bbox 1575 353 1799 409; x_wconf 86' lang='lat' dir='ltr'>Vergilius</span> <span class='ocrx_word' id='word_1_23' title='bbox 1822 354 2095 409; x_wconf 87' lang='lat' dir='ltr'>significatur</span> <span class='ocrx_word' id='word_1_24' title='bbox 2118 369 2147 397; x_wconf 85' lang='lat' dir='ltr'>a</span> <span class='ocrx_word' id='word_1_25' title='bbox 2168 358 2318 410; x_wconf 86' lang='lat' dir='ltr'>poeta,</span> <span class='ocrx_word' id='word_1_26' title='bbox 2341 354 2547 410; x_wconf 80' lang='lat' dir='ltr'>beneque</span> <span class='ocrx_word' id='word_1_27' title='bbox 2575 392 2581 397; x_wconf 86' lang='lat'>.</span> 
     </span>
     <span class='ocr_line' id='line_1_5' title="bbox 265 419 2553 499; baseline -0.002 -16"><span class='ocrx_word' id='word_1_28' title='bbox 265 439 511 497; x_wconf 81' lang='lat' dir='ltr'><strong>explicatur</strong></span> <span class='ocrx_word' id='word_1_29' title='bbox 544 440 632 483; x_wconf 88' lang='lat' dir='ltr'>hac</span> <span class='ocrx_word' id='word_1_30' title='bbox 664 440 839 482; x_wconf 91' lang='lat' dir='ltr'>ratione</span> <span class='ocrx_word' id='word_1_31' title='bbox 871 439 949 482; x_wconf 88' lang='lat' dir='ltr'>illa</span> <span class='ocrx_word' id='word_1_32' title='bbox 972 437 1251 496; x_wconf 80' lang='lat' dir='ltr'>parenthesis</span> <span class='ocrx_word' id='word_1_33' title='bbox 1274 434 1383 481; x_wconf 78' lang='lat' dir='ltr'>uam</span> <span class='ocrx_word' id='word_1_34' title='bbox 1404 451 1563 482; x_wconf 86' lang='lat' dir='ltr'>uerum</span> <span class='ocrx_word' id='word_1_35' title='bbox 1582 436 1840 497; x_wconf 80' lang='lat' dir='ltr'><strong><em>fateamur:</em></strong></span> <span class='ocrx_word' id='word_1_36' title='bbox 1893 445 2016 482; x_wconf 78' lang='lat' dir='ltr'>amat</span> <span class='ocrx_word' id='word_1_37' title='bbox 2037 436 2338 499; x_wconf 79' lang='lat' dir='ltr'><em>Polyhymnia</em></span> <span class='ocrx_word' id='word_1_38' title='bbox 2365 419 2553 481; x_wconf 82' lang='lat' dir='ltr'>uerum.-</span> 
     </span>
     <span class='ocr_line' id='line_1_6' title="bbox 261 522 2552 583; baseline -0.001 -14"><span class='ocrx_word' id='word_1_39' title='bbox 261 526 324 569; x_wconf 88' lang='lat' dir='ltr'>ibi</span> <span class='ocrx_word' id='word_1_40' title='bbox 359 526 477 568; x_wconf 87' lang='lat' dir='ltr'>enim</span> <span class='ocrx_word' id='word_1_41' title='bbox 512 524 707 582; x_wconf 88' lang='lat' dir='ltr'>superba</span> <span class='ocrx_word' id='word_1_42' title='bbox 739 523 934 582; x_wconf 85' lang='lat' dir='ltr'>quadam</span> <span class='ocrx_word' id='word_1_43' title='bbox 966 522 1187 567; x_wconf 83' lang='lat' dir='ltr'>modestia</span> <span class='ocrx_word' id='word_1_44' title='bbox 1220 537 1325 568; x_wconf 89' lang='lat' dir='ltr'>usus</span> <span class='ocrx_word' id='word_1_45' title='bbox 1358 528 1494 583; x_wconf 90' lang='lat' dir='ltr'>poeta</span> <span class='ocrx_word' id='word_1_46' title='bbox 1534 525 1631 567; x_wconf 89' lang='lat' dir='ltr'>ueri</span> <span class='ocrx_word' id='word_1_47' title='bbox 1680 536 1880 567; x_wconf 89' lang='lat' dir='ltr'>amorem</span> <span class='ocrx_word' id='word_1_48' title='bbox 1922 528 2101 569; x_wconf 85' lang='lat' dir='ltr'>excusat</span> <span class='ocrx_word' id='word_1_49' title='bbox 2141 538 2229 583; x_wconf 92' lang='lat' dir='ltr'>quo</span> <span class='ocrx_word' id='word_1_50' title='bbox 2270 527 2416 568; x_wconf 91' lang='lat' dir='ltr'>motus</span> <span class='ocrx_word' id='word_1_51' title='bbox 2455 525 2552 581; x_wconf 87' lang='lat' dir='ltr'>ipse</span> 
     </span>
     <span class='ocr_line' id='line_1_7' title="bbox 266 610 1555 668; baseline -0.002 -13"><span class='ocrx_word' id='word_1_52' title='bbox 266 612 396 656; x_wconf 84' lang='lat' dir='ltr'>aliter</span> <span class='ocrx_word' id='word_1_53' title='bbox 436 614 568 668; x_wconf 89' lang='lat' dir='ltr'>atque</span> <span class='ocrx_word' id='word_1_54' title='bbox 601 613 737 668; x_wconf 90' lang='lat' dir='ltr'>poeta</span> <span class='ocrx_word' id='word_1_55' title='bbox 769 610 901 666; x_wconf 77' lang='lat' dir='ltr'>longe</span> <span class='ocrx_word' id='word_1_56' title='bbox 934 611 1079 654; x_wconf 88' lang='lat' dir='ltr'>maior</span> <span class='ocrx_word' id='word_1_57' title='bbox 1111 610 1314 654; x_wconf 86' lang='lat' dir='ltr'>fabulam</span> <span class='ocrx_word' id='word_1_58' title='bbox 1348 613 1555 668; x_wconf 82' lang='lat' dir='ltr'>exponat.</span> 
     </span>
    </p>

    <p class='ocr_par' dir='ltr' id='par_1_4' title="bbox 266 695 2557 1094">
     <span class='ocr_line' id='line_1_8' title="bbox 455 695 2552 752; baseline -0 -12"><span class='ocrx_word' id='word_1_59' title='bbox 455 695 544 741; x_wconf 87' lang='lat' dir='ltr'>Sed</span> <span class='ocrx_word' id='word_1_60' title='bbox 572 696 758 740; x_wconf 83' lang='lat' dir='ltr'>imitatio</span> <span class='ocrx_word' id='word_1_61' title='bbox 794 696 1050 752; x_wconf 87' lang='lat' dir='ltr'>catulliana,</span> <span class='ocrx_word' id='word_1_62' title='bbox 1084 698 1187 740; x_wconf 88' lang='lat' dir='ltr'>licet</span> <span class='ocrx_word' id='word_1_63' title='bbox 1228 697 1367 739; x_wconf 91' lang='lat' dir='ltr'>multo</span> <span class='ocrx_word' id='word_1_64' title='bbox 1398 695 1631 738; x_wconf 89' lang='lat' dir='ltr'>obscurior</span> <span class='ocrx_word' id='word_1_65' title='bbox 1664 697 1720 738; x_wconf 89' lang='lat' dir='ltr'>sit</span> <span class='ocrx_word' id='word_1_66' title='bbox 1747 709 1882 751; x_wconf 89' lang='lat' dir='ltr'>quam</span> <span class='ocrx_word' id='word_1_67' title='bbox 1919 696 2183 751; x_wconf 83' lang='lat' dir='ltr'>uergiliana,</span> <span class='ocrx_word' id='word_1_68' title='bbox 2215 700 2387 738; x_wconf 87' lang='lat' dir='ltr'>tantum</span> <span class='ocrx_word' id='word_1_69' title='bbox 2425 698 2552 739; x_wconf 88' lang='lat' dir='ltr'>abest</span> 
     </span>
     <span class='ocr_line' id='line_1_9' title="bbox 266 778 2553 837; baseline -0 -13"><span class='ocrx_word' id='word_1_70' title='bbox 266 785 316 824; x_wconf 91' lang='lat' dir='ltr'>ut</span> <span class='ocrx_word' id='word_1_71' title='bbox 353 784 500 824; x_wconf 86' lang='lat' dir='ltr'>rarius</span> <span class='ocrx_word' id='word_1_72' title='bbox 546 780 779 825; x_wconf 85' lang='lat' dir='ltr'>obueniat:</span> <span class='ocrx_word' id='word_1_73' title='bbox 846 785 892 824; x_wconf 88' lang='lat' dir='ltr'>ut</span> <span class='ocrx_word' id='word_1_74' title='bbox 928 782 1071 825; x_wconf 90' lang='lat' dir='ltr'>omnis</span> <span class='ocrx_word' id='word_1_75' title='bbox 1106 795 1179 825; x_wconf 87' lang='lat' dir='ltr'>ars</span> <span class='ocrx_word' id='word_1_76' title='bbox 1212 781 1258 824; x_wconf 89' lang='lat' dir='ltr'>in</span> <span class='ocrx_word' id='word_1_77' title='bbox 1295 778 1386 825; x_wconf 82' lang='lat' dir='ltr'>ciri</span> <span class='ocrx_word' id='word_1_78' title='bbox 1420 779 1557 823; x_wconf 89' lang='lat' dir='ltr'>obuia</span> <span class='ocrx_word' id='word_1_79' title='bbox 1588 779 1727 824; x_wconf 89' lang='lat' dir='ltr'>multo</span> <span class='ocrx_word' id='word_1_80' title='bbox 1761 780 1904 836; x_wconf 86' lang='lat' dir='ltr'>magis</span> <span class='ocrx_word' id='word_1_81' title='bbox 1939 781 2024 823; x_wconf 87' lang='lat' dir='ltr'>arti</span> <span class='ocrx_word' id='word_1_82' title='bbox 2064 780 2228 825; x_wconf 87' lang='lat' dir='ltr'>Catulli</span> <span class='ocrx_word' id='word_1_83' title='bbox 2273 796 2406 837; x_wconf 90' lang='lat' dir='ltr'>quam</span> <span class='ocrx_word' id='word_1_84' title='bbox 2445 780 2553 824; x_wconf 91' lang='lat' dir='ltr'>Ver-</span> 
     </span>
     <span class='ocr_line' id='line_1_10' title="bbox 267 865 2557 923; baseline 0 -14"><span class='ocrx_word' id='word_1_85' title='bbox 267 866 361 922; x_wconf 81' lang='lat' dir='ltr'>gilii</span> <span class='ocrx_word' id='word_1_86' title='bbox 404 865 657 909; x_wconf 87' lang='lat' dir='ltr'>adsimilata</span> <span class='ocrx_word' id='word_1_87' title='bbox 697 869 765 910; x_wconf 89' lang='lat' dir='ltr'>sit.</span> <span class='ocrx_word' id='word_1_88' title='bbox 834 872 877 910; x_wconf 90' lang='lat' dir='ltr'>et</span> <span class='ocrx_word' id='word_1_89' title='bbox 910 869 1028 911; x_wconf 90' lang='lat' dir='ltr'>enim</span> <span class='ocrx_word' id='word_1_90' title='bbox 1063 868 1135 911; x_wconf 92' lang='lat' dir='ltr'>uel</span> <span class='ocrx_word' id='word_1_91' title='bbox 1170 867 1416 923; x_wconf 84' lang='lat' dir='ltr'>conpositio</span> <span class='ocrx_word' id='word_1_92' title='bbox 1451 867 1585 909; x_wconf 86' lang='lat' dir='ltr'>totius</span> <span class='ocrx_word' id='word_1_93' title='bbox 1609 865 1724 909; x_wconf 87' lang='lat' dir='ltr'>Ciris</span> <span class='ocrx_word' id='word_1_94' title='bbox 1749 869 1957 910; x_wconf 78' lang='lat' dir='ltr'>carminis</span> <span class='ocrx_word' id='word_1_95' title='bbox 1992 869 2184 910; x_wconf 82' lang='lat' dir='ltr'>maxime</span> <span class='ocrx_word' id='word_1_96' title='bbox 2219 867 2557 910; x_wconf 87' lang='lat' dir='ltr'>accommodata</span> 
     </span>
     <span class='ocr_line' id='line_1_11' title="bbox 267 950 2555 1009; baseline 0 -16"><span class='ocrx_word' id='word_1_97' title='bbox 267 956 334 994; x_wconf 89' lang='lat' dir='ltr'>est</span> <span class='ocrx_word' id='word_1_98' title='bbox 371 950 426 993; x_wconf 88' lang='lat' dir='ltr'>ad</span> <span class='ocrx_word' id='word_1_99' title='bbox 463 951 692 1008; x_wconf 81' lang='lat' dir='ltr'>exemplar</span> <span class='ocrx_word' id='word_1_100' title='bbox 725 953 934 994; x_wconf 84' lang='lat' dir='ltr'>carminis</span> <span class='ocrx_word' id='word_1_101' title='bbox 969 951 1086 1008; x_wconf 92' lang='lat' dir='ltr'>quod</span> <span class='ocrx_word' id='word_1_102' title='bbox 1122 950 1324 995; x_wconf 82' lang='lat' dir='ltr'>Catullus</span> <span class='ocrx_word' id='word_1_103' title='bbox 1356 951 1411 994; x_wconf 93' lang='lat' dir='ltr'>de</span> <span class='ocrx_word' id='word_1_104' title='bbox 1435 954 1598 1008; x_wconf 90' lang='lat' dir='ltr'>nuptiis</span> <span class='ocrx_word' id='word_1_105' title='bbox 1623 952 1819 994; x_wconf 88' lang='lat' dir='ltr'>Thetidis</span> <span class='ocrx_word' id='word_1_106' title='bbox 1855 957 1898 994; x_wconf 89' lang='lat' dir='ltr'>et</span> <span class='ocrx_word' id='word_1_107' title='bbox 1931 952 2053 994; x_wconf 89' lang='lat' dir='ltr'>Pelei</span> <span class='ocrx_word' id='word_1_108' title='bbox 2077 954 2269 1009; x_wconf 85' lang='lat' dir='ltr'>scripsit:</span> <span class='ocrx_word' id='word_1_109' title='bbox 2326 965 2415 1008; x_wconf 88' lang='lat' dir='ltr'>qua</span> <span class='ocrx_word' id='word_1_110' title='bbox 2438 954 2555 995; x_wconf 90' lang='lat' dir='ltr'>rein</span> 
     </span>
     <span class='ocr_line' id='line_1_12' title="bbox 268 1024 2014 1094; baseline 0 -16"><span class='ocrx_word' id='word_1_111' title='bbox 268 1038 544 1092; x_wconf 84' lang='lat' dir='ltr'>grauissimis</span> <span class='ocrx_word' id='word_1_112' title='bbox 577 1038 711 1080; x_wconf 89' lang='lat' dir='ltr'>rebus</span> <span class='ocrx_word' id='word_1_113' title='bbox 744 1042 981 1094; x_wconf 91' lang='lat' dir='ltr'>utrumque</span> <span class='ocrx_word' id='word_1_114' title='bbox 1013 1051 1175 1094; x_wconf 85' lang='lat' dir='ltr'>poema</span> <span class='ocrx_word' id='word_1_115' title='bbox 1210 1038 1326 1079; x_wconf 89' lang='lat' dir='ltr'>mira</span> <span class='ocrx_word' id='word_1_116' title='bbox 1359 1038 1532 1079; x_wconf 86' lang='lat' dir='ltr'>ratione</span> <span class='ocrx_word' id='word_1_117' title='bbox 1567 1038 1683 1079; x_wconf 87' lang='lat' dir='ltr'>inter</span> <span class='ocrx_word' id='word_1_118' title='bbox 1716 1051 1763 1079; x_wconf 92' lang='lat' dir='ltr'>se</span> <span class='ocrx_word' id='word_1_119' title='bbox 1784 1024 2014 1094; x_wconf 41' lang='lat' dir='ltr'>&#39;congr-uit.</span> 
     </span>
    </p>

    <p class='ocr_par' dir='ltr' id='par_1_5' title="bbox 265 1113 2567 2893">
     <span class='ocr_line' id='line_1_13' title="bbox 455 1113 2553 1182; baseline -0 -17"><span class='ocrx_word' id='word_1_120' title='bbox 455 1124 506 1165; x_wconf 89' lang='lat' dir='ltr'>In</span> <span class='ocrx_word' id='word_1_121' title='bbox 547 1126 803 1166; x_wconf 89' lang='lat' dir='ltr'>uniuersum</span> <span class='ocrx_word' id='word_1_122' title='bbox 839 1124 952 1166; x_wconf 88' lang='lat' dir='ltr'>Ciris</span> <span class='ocrx_word' id='word_1_123' title='bbox 987 1128 1142 1165; x_wconf 85' lang='lat' dir='ltr'>auctor</span> <span class='ocrx_word' id='word_1_124' title='bbox 1162 1113 1231 1167; x_wconf 37' lang='lat' dir='ltr'>&#39;ex</span> <span class='ocrx_word' id='word_1_125' title='bbox 1264 1125 1587 1182; x_wconf 85' lang='lat' dir='ltr'>antiquioribus</span> <span class='ocrx_word' id='word_1_126' title='bbox 1627 1124 1714 1165; x_wconf 86' lang='lat' dir='ltr'>illis</span> <span class='ocrx_word' id='word_1_127' title='bbox 1753 1125 1895 1180; x_wconf 91' lang='lat' dir='ltr'>poetis</span> <span class='ocrx_word' id='word_1_128' title='bbox 1949 1125 2067 1164; x_wconf 87' lang='lat' dir='ltr'>circa</span> <span class='ocrx_word' id='word_1_129' title='bbox 2109 1124 2243 1165; x_wconf 89' lang='lat' dir='ltr'>finem</span> <span class='ocrx_word' id='word_1_130' title='bbox 2283 1125 2450 1165; x_wconf 89' lang='lat' dir='ltr'>saeculi</span> <span class='ocrx_word' id='word_1_131' title='bbox 2498 1124 2553 1164; x_wconf 89' lang='lat' dir='ltr'>ab</span> 
     </span>
     <span class='ocr_line' id='line_1_14' title="bbox 266 1208 2556 1266; baseline 0 -17"><span class='ocrx_word' id='word_1_132' title='bbox 266 1208 321 1250; x_wconf 93' lang='lat' dir='ltr'>V.</span> <span class='ocrx_word' id='word_1_133' title='bbox 365 1220 402 1249; x_wconf 87' lang='lat' dir='ltr'>c.</span> <span class='ocrx_word' id='word_1_134' title='bbox 443 1208 622 1264; x_wconf 85' lang='lat' dir='ltr'>septimi</span> <span class='ocrx_word' id='word_1_135' title='bbox 666 1208 923 1252; x_wconf 89' lang='lat' dir='ltr'>florentibus</span> <span class='ocrx_word' id='word_1_136' title='bbox 962 1210 1108 1266; x_wconf 87' lang='lat' dir='ltr'>magis</span> <span class='ocrx_word' id='word_1_137' title='bbox 1149 1209 1347 1266; x_wconf 88' lang='lat' dir='ltr'>pendere</span> <span class='ocrx_word' id='word_1_138' title='bbox 1399 1209 1575 1252; x_wconf 89' lang='lat' dir='ltr'>uidetur</span> <span class='ocrx_word' id='word_1_139' title='bbox 1609 1221 1742 1265; x_wconf 90' lang='lat' dir='ltr'>quam</span> <span class='ocrx_word' id='word_1_140' title='bbox 1793 1221 1847 1251; x_wconf 86' lang='lat' dir='ltr'>ex</span> <span class='ocrx_word' id='word_1_141' title='bbox 1895 1209 2036 1265; x_wconf 92' lang='lat' dir='ltr'>poetis</span> <span class='ocrx_word' id='word_1_142' title='bbox 2071 1209 2272 1264; x_wconf 86' lang='lat' dir='ltr'>Augusto</span> <span class='ocrx_word' id='word_1_143' title='bbox 2307 1209 2556 1264; x_wconf 84' lang='lat' dir='ltr'>imperante</span> 
     </span>
     <span class='ocr_line' id='line_1_15' title="bbox 266 1289 2554 1352; baseline 0 -17"><span class='ocrx_word' id='word_1_144' title='bbox 266 1291 539 1336; x_wconf 85' lang='lat' dir='ltr'>florentibus.</span> <span class='ocrx_word' id='word_1_145' title='bbox 606 1305 750 1350; x_wconf 91' lang='lat' dir='ltr'>neque</span> <span class='ocrx_word' id='word_1_146' title='bbox 786 1292 873 1338; x_wconf 91' lang='lat' dir='ltr'>hoc</span> <span class='ocrx_word' id='word_1_147' title='bbox 904 1294 1068 1338; x_wconf 88' lang='lat' dir='ltr'>mirum</span> <span class='ocrx_word' id='word_1_148' title='bbox 1093 1298 1172 1339; x_wconf 88' lang='lat' dir='ltr'>est.</span> <span class='ocrx_word' id='word_1_149' title='bbox 1229 1297 1378 1351; x_wconf 89' lang='lat' dir='ltr'>poeta,</span> <span class='ocrx_word' id='word_1_150' title='bbox 1402 1308 1534 1352; x_wconf 90' lang='lat' dir='ltr'>quem</span> <span class='ocrx_word' id='word_1_151' title='bbox 1557 1292 1690 1338; x_wconf 90' lang='lat' dir='ltr'>ualde</span> <span class='ocrx_word' id='word_1_152' title='bbox 1714 1293 1957 1350; x_wconf 89' lang='lat' dir='ltr'>probabilis</span> <span class='ocrx_word' id='word_1_153' title='bbox 1993 1294 2250 1337; x_wconf 89' lang='lat' dir='ltr'>coniectura</span> <span class='ocrx_word' id='word_1_154' title='bbox 2282 1291 2485 1336; x_wconf 80' lang='lat' dir='ltr'>Teuffelii</span> <span class='ocrx_word' id='word_1_155' title='bbox 2508 1289 2554 1343; x_wconf 76' lang='grc'>6)</span> 
     </span>
     <span class='ocr_line' id='line_1_16' title="bbox 268 1374 2557 1440; baseline -0 -19"><span class='ocrx_word' id='word_1_156' title='bbox 268 1381 334 1421; x_wconf 91' lang='lat' dir='ltr'>est</span> <span class='ocrx_word' id='word_1_157' title='bbox 350 1378 467 1422; x_wconf 90' lang='lat' dir='ltr'>intra</span> <span class='ocrx_word' id='word_1_158' title='bbox 490 1391 632 1423; x_wconf 87' lang='lat' dir='ltr'>annos</span> <span class='ocrx_word' id='word_1_159' title='bbox 659 1374 1060 1440; x_wconf 65' lang='lat'>735319-740114</span> <span class='ocrx_word' id='word_1_160' title='bbox 1082 1380 1141 1424; x_wconf 88' lang='lat' dir='ltr'>M.</span> <span class='ocrx_word' id='word_1_161' title='bbox 1165 1380 1348 1425; x_wconf 86' lang='lat' dir='ltr'>Valerio</span> <span class='ocrx_word' id='word_1_162' title='bbox 1379 1380 1631 1437; x_wconf 85' lang='lat' dir='ltr'>Messallae,</span> <span class='ocrx_word' id='word_1_163' title='bbox 1652 1378 1889 1423; x_wconf 87' lang='lat' dir='ltr'>Messallae</span> <span class='ocrx_word' id='word_1_164' title='bbox 1914 1379 2093 1423; x_wconf 90' lang='lat' dir='ltr'>Coruini</span> <span class='ocrx_word' id='word_1_165' title='bbox 2120 1380 2311 1423; x_wconf 87' lang='lat' dir='ltr'>oratoris</span> <span class='ocrx_word' id='word_1_166' title='bbox 2336 1378 2425 1421; x_wconf 91' lang='lat' dir='ltr'>filio</span> <span class='ocrx_word' id='word_1_167' title='bbox 2449 1382 2557 1420; x_wconf 88' lang='lat' dir='ltr'>natu</span> 
     </span>
     <span class='ocr_line' id='line_1_17' title="bbox 265 1461 2557 1524; baseline 0.001 -18"><span class='ocrx_word' id='word_1_168' title='bbox 265 1464 443 1520; x_wconf 89' lang='lat' dir='ltr'>maiori,</span> <span class='ocrx_word' id='word_1_169' title='bbox 474 1463 645 1508; x_wconf 88' lang='lat' dir='ltr'>consuli</span> <span class='ocrx_word' id='word_1_170' title='bbox 675 1465 781 1508; x_wconf 90' lang='lat' dir='ltr'>anni</span> <span class='ocrx_word' id='word_1_171' title='bbox 808 1461 939 1524; x_wconf 70' lang='lat'><strong>75113</strong></span> <span class='ocrx_word' id='word_1_172' title='bbox 968 1463 1090 1510; x_wconf 89' lang='lat' dir='ltr'>Cirin</span> <span class='ocrx_word' id='word_1_173' title='bbox 1122 1464 1369 1522; x_wconf 78' lang='lat' dir='ltr'>dedicasse,</span> <span class='ocrx_word' id='word_1_174' title='bbox 1395 1467 1523 1510; x_wconf 89' lang='lat' dir='ltr'>annis</span> <span class='ocrx_word' id='word_1_175' title='bbox 1555 1465 1736 1510; x_wconf 91' lang='lat' dir='ltr'>demum</span> <span class='ocrx_word' id='word_1_176' title='bbox 1757 1469 1994 1522; x_wconf 90' lang='lat' dir='ltr'>prouectus</span> <span class='ocrx_word' id='word_1_177' title='bbox 2024 1464 2090 1518; x_wconf 80' lang='lat' dir='ltr'>(cf.</span> <span class='ocrx_word' id='word_1_178' title='bbox 2117 1480 2160 1508; x_wconf 91' lang='lat' dir='ltr'>u.</span> <span class='ocrx_word' id='word_1_179' title='bbox 2191 1465 2234 1509; x_wconf 91' lang='lat'>1.</span> <span class='ocrx_word' id='word_1_180' title='bbox 2263 1462 2306 1522; x_wconf 74' lang='lat'>2)</span> <span class='ocrx_word' id='word_1_181' title='bbox 2331 1465 2387 1509; x_wconf 87' lang='lat' dir='ltr'>ad</span> <span class='ocrx_word' id='word_1_182' title='bbox 2411 1464 2557 1509; x_wconf 84' lang='lat' dir='ltr'>studia</span> 
     </span>
     <span class='ocr_line' id='line_1_18' title="bbox 265 1544 2556 1609; baseline 0 -17"><span class='ocrx_word' id='word_1_183' title='bbox 265 1551 440 1606; x_wconf 89' lang='lat' dir='ltr'>poetica</span> <span class='ocrx_word' id='word_1_184' title='bbox 462 1549 608 1607; x_wconf 88' lang='lat' dir='ltr'>rediit,</span> <span class='ocrx_word' id='word_1_185' title='bbox 633 1544 757 1608; x_wconf 52' lang='lat' dir='ltr'>&#39;quae</span> <span class='ocrx_word' id='word_1_186' title='bbox 781 1552 885 1595; x_wconf 90' lang='lat' dir='ltr'>olim</span> <span class='ocrx_word' id='word_1_187' title='bbox 910 1553 955 1594; x_wconf 90' lang='lat' dir='ltr'>in</span> <span class='ocrx_word' id='word_1_188' title='bbox 989 1553 1216 1596; x_wconf 89' lang='lat' dir='ltr'>iuuentute</span> <span class='ocrx_word' id='word_1_189' title='bbox 1246 1554 1421 1596; x_wconf 90' lang='lat' dir='ltr'>fouerat</span> <span class='ocrx_word' id='word_1_190' title='bbox 1454 1550 1530 1608; x_wconf 85' lang='lat' dir='ltr'>(cf.</span> <span class='ocrx_word' id='word_1_191' title='bbox 1566 1552 1664 1607; x_wconf 81' lang='lat'>45),</span> <span class='ocrx_word' id='word_1_192' title='bbox 1688 1552 1766 1595; x_wconf 91' lang='lat' dir='ltr'>sed</span> <span class='ocrx_word' id='word_1_193' title='bbox 1799 1556 1956 1609; x_wconf 86' lang='lat' dir='ltr'>postea</span> <span class='ocrx_word' id='word_1_194' title='bbox 1991 1553 2107 1594; x_wconf 88' lang='lat' dir='ltr'>uitae</span> <span class='ocrx_word' id='word_1_195' title='bbox 2141 1552 2348 1607; x_wconf 91' lang='lat' dir='ltr'>publicae</span> <span class='ocrx_word' id='word_1_196' title='bbox 2383 1551 2556 1593; x_wconf 87' lang='lat' dir='ltr'>deditus</span> 
     </span>
     <span class='ocr_line' id='line_1_19' title="bbox 267 1634 2556 1694; baseline 0.001 -18"><span class='ocrx_word' id='word_1_197' title='bbox 267 1634 342 1676; x_wconf 92' lang='lat' dir='ltr'>diu</span> <span class='ocrx_word' id='word_1_198' title='bbox 369 1636 668 1679; x_wconf 86' lang='lat' dir='ltr'>intermiserat</span> <span class='ocrx_word' id='word_1_199' title='bbox 700 1635 777 1693; x_wconf 87' lang='lat' dir='ltr'>(cf.</span> <span class='ocrx_word' id='word_1_200' title='bbox 808 1652 850 1681; x_wconf 82' lang='lat' dir='ltr'>u,</span> <span class='ocrx_word' id='word_1_201' title='bbox 884 1638 927 1680; x_wconf 89' lang='lat'>1.</span> <span class='ocrx_word' id='word_1_202' title='bbox 962 1637 1026 1694; x_wconf 85' lang='lat'>2).</span> <span class='ocrx_word' id='word_1_203' title='bbox 1082 1638 1132 1681; x_wconf 91' lang='lat' dir='ltr'>In</span> <span class='ocrx_word' id='word_1_204' title='bbox 1163 1638 1281 1680; x_wconf 92' lang='lat' dir='ltr'>illius</span> <span class='ocrx_word' id='word_1_205' title='bbox 1306 1643 1455 1680; x_wconf 87' lang='lat' dir='ltr'>autem</span> <span class='ocrx_word' id='word_1_206' title='bbox 1479 1642 1637 1694; x_wconf 88' lang='lat' dir='ltr'>poetae</span> <span class='ocrx_word' id='word_1_207' title='bbox 1660 1639 1902 1694; x_wconf 85' lang='lat' dir='ltr'>iuuentute,</span> <span class='ocrx_word' id='word_1_208' title='bbox 1933 1642 1979 1679; x_wconf 90' lang='lat' dir='ltr'>ut</span> <span class='ocrx_word' id='word_1_209' title='bbox 2001 1645 2103 1694; x_wconf 87' lang='lat' dir='ltr'>pote</span> <span class='ocrx_word' id='word_1_210' title='bbox 2138 1650 2273 1694; x_wconf 88' lang='lat' dir='ltr'>quam</span> <span class='ocrx_word' id='word_1_211' title='bbox 2309 1636 2366 1679; x_wconf 88' lang='lat' dir='ltr'>ad</span> <span class='ocrx_word' id='word_1_212' title='bbox 2406 1638 2556 1694; x_wconf 87' lang='lat' dir='ltr'>priora</span> 
     </span>
     <span class='ocr_line' id='line_1_20' title="bbox 267 1721 2556 1779; baseline 0 -15"><span class='ocrx_word' id='word_1_213' title='bbox 267 1722 435 1764; x_wconf 87' lang='lat' dir='ltr'>saeculi</span> <span class='ocrx_word' id='word_1_214' title='bbox 468 1721 602 1765; x_wconf 89' lang='lat' dir='ltr'>Vrbis</span> <span class='ocrx_word' id='word_1_215' title='bbox 637 1723 783 1765; x_wconf 90' lang='lat' dir='ltr'>octaui</span> <span class='ocrx_word' id='word_1_216' title='bbox 815 1722 956 1766; x_wconf 88' lang='lat' dir='ltr'>lustra</span> <span class='ocrx_word' id='word_1_217' title='bbox 977 1724 1221 1766; x_wconf 86' lang='lat' dir='ltr'>referentes</span> <span class='ocrx_word' id='word_1_218' title='bbox 1244 1724 1319 1766; x_wconf 85' lang='lat' dir='ltr'>uix</span> <span class='ocrx_word' id='word_1_219' title='bbox 1342 1722 1607 1779; x_wconf 84' lang='lat' dir='ltr'>errabimus,</span> <span class='ocrx_word' id='word_1_220' title='bbox 1643 1722 1804 1767; x_wconf 87' lang='lat' dir='ltr'>Catulli</span> <span class='ocrx_word' id='word_1_221' title='bbox 1839 1726 2039 1765; x_wconf 90' lang='lat' dir='ltr'>carmina</span> <span class='ocrx_word' id='word_1_222' title='bbox 2072 1724 2270 1766; x_wconf 85' lang='lat' dir='ltr'>maxima</span> <span class='ocrx_word' id='word_1_223' title='bbox 2293 1723 2556 1765; x_wconf 88' lang='lat' dir='ltr'>auctoritate</span> 
     </span>
     <span class='ocr_line' id='line_1_21' title="bbox 268 1807 2560 1865; baseline 0 -16"><span class='ocrx_word' id='word_1_224' title='bbox 268 1807 507 1850; x_wconf 88' lang='lat' dir='ltr'>florebant:</span> <span class='ocrx_word' id='word_1_225' title='bbox 564 1820 651 1863; x_wconf 90' lang='lat' dir='ltr'>qua</span> <span class='ocrx_word' id='word_1_226' title='bbox 683 1807 737 1850; x_wconf 92' lang='lat' dir='ltr'>de</span> <span class='ocrx_word' id='word_1_227' title='bbox 771 1821 820 1850; x_wconf 89' lang='lat' dir='ltr'>re</span> <span class='ocrx_word' id='word_1_228' title='bbox 855 1809 1142 1851; x_wconf 83' lang='lat' dir='ltr'>conferantur</span> <span class='ocrx_word' id='word_1_229' title='bbox 1187 1822 1300 1865; x_wconf 90' lang='lat' dir='ltr'>quae</span> <span class='ocrx_word' id='word_1_230' title='bbox 1353 1808 1587 1851; x_wconf 86' lang='lat' dir='ltr'>Cornelius</span> <span class='ocrx_word' id='word_1_231' title='bbox 1620 1809 1770 1864; x_wconf 89' lang='lat' dir='ltr'>Nepos</span> <span class='ocrx_word' id='word_1_232' title='bbox 1805 1810 1849 1850; x_wconf 89' lang='lat' dir='ltr'>in</span> <span class='ocrx_word' id='word_1_233' title='bbox 1889 1810 1982 1850; x_wconf 89' lang='lat' dir='ltr'>uita</span> <span class='ocrx_word' id='word_1_234' title='bbox 2030 1810 2161 1852; x_wconf 88' lang='lat' dir='ltr'>Attici</span> <span class='ocrx_word' id='word_1_235' title='bbox 2199 1808 2298 1863; x_wconf 85' lang='lat'>(12,</span> <span class='ocrx_word' id='word_1_236' title='bbox 2337 1808 2389 1863; x_wconf 79' lang='lat'>4)</span> <span class='ocrx_word' id='word_1_237' title='bbox 2441 1810 2560 1851; x_wconf 88' lang='lat' dir='ltr'>circa</span> 
     </span>
     <span class='ocr_line' id='line_1_22' title="bbox 268 1887 2559 1952; baseline 0 -18"><span class='ocrx_word' id='word_1_238' title='bbox 268 1906 435 1934; x_wconf 89' lang='lat' dir='ltr'>annum</span> <span class='ocrx_word' id='word_1_239' title='bbox 488 1888 653 1950; x_wconf 79' lang='grc' dir='ltr'><strong>’72οζ34</strong></span> <span class='ocrx_word' id='word_1_240' title='bbox 698 1896 810 1946; x_wconf 87' lang='lat' dir='ltr'>(tum</span> <span class='ocrx_word' id='word_1_241' title='bbox 852 1893 1075 1949; x_wconf 85' lang='lat' dir='ltr'>Vergilius</span> <span class='ocrx_word' id='word_1_242' title='bbox 1117 1887 1296 1951; x_wconf 82' lang='lat' dir='ltr'>eclogas</span> <span class='ocrx_word' id='word_1_243' title='bbox 1331 1896 1420 1938; x_wconf 88' lang='lat' dir='ltr'>iam</span> <span class='ocrx_word' id='word_1_244' title='bbox 1445 1897 1639 1952; x_wconf 91' lang='lat' dir='ltr'>quinque</span> <span class='ocrx_word' id='word_1_245' title='bbox 1680 1896 1774 1937; x_wconf 89' lang='lat' dir='ltr'>fere</span> <span class='ocrx_word' id='word_1_246' title='bbox 1810 1896 1937 1937; x_wconf 88' lang='lat' dir='ltr'>annis</span> <span class='ocrx_word' id='word_1_247' title='bbox 1974 1898 2075 1936; x_wconf 90' lang='lat' dir='ltr'>aute</span> <span class='ocrx_word' id='word_1_248' title='bbox 2112 1893 2330 1949; x_wconf 86' lang='lat' dir='ltr'>ediderat)</span> <span class='ocrx_word' id='word_1_249' title='bbox 2366 1895 2559 1950; x_wconf 88' lang='lat' dir='ltr'>scripsit:</span> 
     </span>
     <span class='ocr_line' id='line_1_23' title="bbox 266 1974 2561 2041; baseline 0 -22"><span class='ocrx_word' id='word_1_250' title='bbox 266 1974 324 2019; x_wconf 91' lang='lat' dir='ltr'>L.</span> <span class='ocrx_word' id='word_1_251' title='bbox 360 1975 532 2021; x_wconf 83' lang='lat' dir='ltr'>Iulium</span> <span class='ocrx_word' id='word_1_252' title='bbox 583 1975 805 2020; x_wconf 77' lang='lat' dir='ltr'>Calidium</span> <span class='ocrx_word' id='word_1_253' title='bbox 845 1991 973 2035; x_wconf 83' lang='lat' dir='ltr'>quem</span> <span class='ocrx_word' id='word_1_254' title='bbox 1020 1984 1123 2037; x_wconf 79' lang='lat' dir='ltr'>post</span> <span class='ocrx_word' id='word_1_255' title='bbox 1176 1975 1384 2023; x_wconf 74' lang='lat' dir='ltr'>Lucretii</span> <span class='ocrx_word' id='word_1_256' title='bbox 1420 1980 1484 2039; x_wconf 90' lang='lat' dir='ltr'>(a.</span> <span class='ocrx_word' id='word_1_257' title='bbox 1529 1977 1717 2041; x_wconf 62' lang='lat'>699355)</span> <span class='ocrx_word' id='word_1_258' title='bbox 1761 1977 2002 2036; x_wconf 77' lang='lat' dir='ltr'>Catullique</span> <span class='ocrx_word' id='word_1_259' title='bbox 2050 1980 2114 2036; x_wconf 90' lang='lat' dir='ltr'>(a.</span> <span class='ocrx_word' id='word_1_260' title='bbox 2154 1975 2343 2038; x_wconf 60' lang='lat'>700254)</span> <span class='ocrx_word' id='word_1_261' title='bbox 2377 1984 2561 2020; x_wconf 80' lang='lat' dir='ltr'>mortem</span> 
     </span>
     <span class='ocr_line' id='line_1_24' title="bbox 267 2061 2557 2123; baseline 0 -18"><span class='ocrx_word' id='word_1_262' title='bbox 267 2061 403 2106; x_wconf 79' lang='lat' dir='ltr'>multo</span> <span class='ocrx_word' id='word_1_263' title='bbox 454 2061 821 2121; x_wconf 71' lang='lat' dir='ltr'>eleyantissimum</span> <span class='ocrx_word' id='word_1_264' title='bbox 860 2069 1036 2121; x_wconf 83' lang='lat' dir='ltr'>poetam</span> <span class='ocrx_word' id='word_1_265' title='bbox 1084 2070 1284 2108; x_wconf 78' lang='lat' dir='ltr'>nostram</span> <span class='ocrx_word' id='word_1_266' title='bbox 1324 2065 1470 2109; x_wconf 82' lang='lat' dir='ltr'>tulisse</span> <span class='ocrx_word' id='word_1_267' title='bbox 1518 2072 1701 2109; x_wconf 82' lang='lat' dir='ltr'>aetatem</span> <span class='ocrx_word' id='word_1_268' title='bbox 1749 2080 1852 2108; x_wconf 86' lang='lat' dir='ltr'>uere</span> <span class='ocrx_word' id='word_1_269' title='bbox 1907 2063 2062 2108; x_wconf 80' lang='lat' dir='ltr'>uideor</span> <span class='ocrx_word' id='word_1_270' title='bbox 2110 2078 2238 2123; x_wconf 82' lang='lat' dir='ltr'>posse</span> <span class='ocrx_word' id='word_1_271' title='bbox 2287 2062 2557 2106; x_wconf 79' lang='lat' dir='ltr'>contendere.</span> 
     </span>
     <span class='ocr_line' id='line_1_25' title="bbox 269 2149 2562 2209; baseline 0 -17"><span class='ocrx_word' id='word_1_272' title='bbox 269 2150 420 2207; x_wconf 87' lang='lat' dir='ltr'>itaque</span> <span class='ocrx_word' id='word_1_273' title='bbox 458 2151 504 2192; x_wconf 90' lang='lat' dir='ltr'>in</span> <span class='ocrx_word' id='word_1_274' title='bbox 546 2151 774 2193; x_wconf 90' lang='lat' dir='ltr'>iuuentute</span> <span class='ocrx_word' id='word_1_275' title='bbox 815 2149 989 2194; x_wconf 87' lang='lat' dir='ltr'>Catullo</span> <span class='ocrx_word' id='word_1_276' title='bbox 1032 2150 1224 2209; x_wconf 86' lang='lat' dir='ltr'>legendo</span> <span class='ocrx_word' id='word_1_277' title='bbox 1268 2157 1311 2195; x_wconf 89' lang='lat' dir='ltr'>et</span> <span class='ocrx_word' id='word_1_278' title='bbox 1349 2153 1563 2197; x_wconf 88' lang='lat' dir='ltr'>imitando</span> <span class='ocrx_word' id='word_1_279' title='bbox 1603 2177 1664 2184; x_wconf 89' lang='lat'>—</span> <span class='ocrx_word' id='word_1_280' title='bbox 1708 2154 1842 2196; x_wconf 86' lang='lat' dir='ltr'>etiam</span> <span class='ocrx_word' id='word_1_281' title='bbox 1886 2152 2088 2195; x_wconf 89' lang='lat' dir='ltr'>lectionis</span> <span class='ocrx_word' id='word_1_282' title='bbox 2138 2152 2412 2195; x_wconf 85' lang='lat' dir='ltr'>lucretianae</span> <span class='ocrx_word' id='word_1_283' title='bbox 2456 2163 2562 2193; x_wconf 85' lang='lat' dir='ltr'>rara</span> 
     </span>
     <span class='ocr_line' id='line_1_26' title="bbox 271 2235 2563 2295; baseline -0 -16"><span class='ocrx_word' id='word_1_284' title='bbox 271 2235 449 2293; x_wconf 89' lang='lat' dir='ltr'>quidem</span> <span class='ocrx_word' id='word_1_285' title='bbox 485 2235 563 2278; x_wconf 91' lang='lat' dir='ltr'>sed</span> <span class='ocrx_word' id='word_1_286' title='bbox 597 2236 832 2279; x_wconf 84' lang='lat' dir='ltr'>manifesta</span> <span class='ocrx_word' id='word_1_287' title='bbox 866 2240 1016 2280; x_wconf 88' lang='lat' dir='ltr'>tamen</span> <span class='ocrx_word' id='word_1_288' title='bbox 1051 2239 1241 2295; x_wconf 86' lang='lat' dir='ltr'>uestigia</span> <span class='ocrx_word' id='word_1_289' title='bbox 1274 2239 1320 2281; x_wconf 93' lang='lat' dir='ltr'>in</span> <span class='ocrx_word' id='word_1_290' title='bbox 1356 2237 1447 2282; x_wconf 84' lang='lat' dir='ltr'>Ciri</span> <span class='ocrx_word' id='word_1_291' title='bbox 1481 2239 1766 2282; x_wconf 80' lang='lat' dir='ltr'>inueniuntur</span> <span class='ocrx_word' id='word_1_292' title='bbox 1788 2261 1848 2267; x_wconf 96' lang='lat'><strong>—</strong></span> <span class='ocrx_word' id='word_1_293' title='bbox 1873 2242 2006 2294; x_wconf 85' lang='lat' dir='ltr'>poeta</span> <span class='ocrx_word' id='word_1_294' title='bbox 2040 2236 2198 2280; x_wconf 90' lang='lat' dir='ltr'>eadem</span> <span class='ocrx_word' id='word_1_295' title='bbox 2222 2236 2355 2293; x_wconf 89' lang='lat' dir='ltr'>plane</span> <span class='ocrx_word' id='word_1_296' title='bbox 2389 2236 2563 2278; x_wconf 88' lang='lat' dir='ltr'>ratione</span> 
     </span>
     <span class='ocr_line' id='line_1_27' title="bbox 269 2320 2561 2380; baseline -0.001 -15"><span class='ocrx_word' id='word_1_297' title='bbox 269 2335 452 2378; x_wconf 86' lang='lat' dir='ltr'>operam</span> <span class='ocrx_word' id='word_1_298' title='bbox 488 2320 608 2364; x_wconf 90' lang='lat' dir='ltr'>dedit</span> <span class='ocrx_word' id='word_1_299' title='bbox 642 2334 730 2377; x_wconf 90' lang='lat' dir='ltr'>qua</span> <span class='ocrx_word' id='word_1_300' title='bbox 764 2334 864 2364; x_wconf 90' lang='lat' dir='ltr'>cum</span> <span class='ocrx_word' id='word_1_301' title='bbox 898 2323 1121 2378; x_wconf 85' lang='lat' dir='ltr'>Vergilius</span> <span class='ocrx_word' id='word_1_302' title='bbox 1155 2325 1266 2380; x_wconf 90' lang='lat' dir='ltr'>ipse,</span> <span class='ocrx_word' id='word_1_303' title='bbox 1302 2325 1374 2380; x_wconf 90' lang='lat' dir='ltr'>qui</span> <span class='ocrx_word' id='word_1_304' title='bbox 1403 2323 1514 2367; x_wconf 87' lang='lat' dir='ltr'>Ciris</span> <span class='ocrx_word' id='word_1_305' title='bbox 1544 2329 1703 2380; x_wconf 87' lang='lat' dir='ltr'>poetae</span> <span class='ocrx_word' id='word_1_306' title='bbox 1737 2329 1881 2367; x_wconf 88' lang='lat' dir='ltr'>aetate</span> <span class='ocrx_word' id='word_1_307' title='bbox 1911 2324 2188 2379; x_wconf 87' lang='lat' dir='ltr'>aliquantum</span> <span class='ocrx_word' id='word_1_308' title='bbox 2220 2323 2476 2376; x_wconf 74' lang='lat' dir='ltr'>antecessit,</span> <span class='ocrx_word' id='word_1_309' title='bbox 2517 2323 2561 2364; x_wconf 91' lang='lat' dir='ltr'>in</span> 
     </span>
     <span class='ocr_line' id='line_1_28' title="bbox 267 2407 2567 2466; baseline -0.001 -16"><span class='ocrx_word' id='word_1_310' title='bbox 267 2407 535 2450; x_wconf 89' lang='lat' dir='ltr'>iuuenilibus</span> <span class='ocrx_word' id='word_1_311' title='bbox 575 2408 850 2463; x_wconf 86' lang='lat' dir='ltr'>potissimum</span> <span class='ocrx_word' id='word_1_312' title='bbox 889 2409 1160 2451; x_wconf 86' lang='lat' dir='ltr'>carminibus</span> <span class='ocrx_word' id='word_1_313' title='bbox 1200 2414 1293 2452; x_wconf 90' lang='lat' dir='ltr'>tum</span> <span class='ocrx_word' id='word_1_314' title='bbox 1337 2411 1413 2452; x_wconf 86' lang='lat' dir='ltr'>alii</span> <span class='ocrx_word' id='word_1_315' title='bbox 1460 2416 1620 2465; x_wconf 88' lang='lat' dir='ltr'>poetae</span> <span class='ocrx_word' id='word_1_316' title='bbox 1645 2412 1848 2466; x_wconf 86' lang='lat' dir='ltr'>scriptori</span> <span class='ocrx_word' id='word_1_317' title='bbox 1892 2410 2005 2453; x_wconf 86' lang='lat' dir='ltr'>Ciris</span> <span class='ocrx_word' id='word_1_318' title='bbox 2039 2411 2132 2451; x_wconf 88' lang='lat' dir='ltr'>fere</span> <span class='ocrx_word' id='word_1_319' title='bbox 2168 2408 2395 2463; x_wconf 79' lang='lat' dir='ltr'>aequales,</span> <span class='ocrx_word' id='word_1_320' title='bbox 2423 2412 2471 2448; x_wconf 90' lang='lat' dir='ltr'>ut</span> <span class='ocrx_word' id='word_1_321' title='bbox 2512 2420 2567 2448; x_wconf 83' lang='lat' dir='ltr'>ex</span> 
     </span>
     <span class='ocr_line' id='line_1_29' title="bbox 268 2490 2560 2552; baseline -0.001 -18"><span class='ocrx_word' id='word_1_322' title='bbox 268 2492 494 2534; x_wconf 88' lang='lat' dir='ltr'>catalectis</span> <span class='ocrx_word' id='word_1_323' title='bbox 528 2492 786 2547; x_wconf 85' lang='lat' dir='ltr'>uergilianis</span> <span class='ocrx_word' id='word_1_324' title='bbox 822 2496 864 2534; x_wconf 90' lang='lat' dir='ltr'>et</span> <span class='ocrx_word' id='word_1_325' title='bbox 898 2506 951 2534; x_wconf 83' lang='lat' dir='ltr'>ex</span> <span class='ocrx_word' id='word_1_326' title='bbox 984 2494 1179 2549; x_wconf 89' lang='lat' dir='ltr'>priapeis</span> <span class='ocrx_word' id='word_1_327' title='bbox 1212 2497 1527 2552; x_wconf 80' lang='lat' dir='ltr'>perspicimus,</span> <span class='ocrx_word' id='word_1_328' title='bbox 1570 2495 1790 2538; x_wconf 82' lang='lat' dir='ltr'>Catullum</span> <span class='ocrx_word' id='word_1_329' title='bbox 1832 2497 1990 2537; x_wconf 86' lang='lat' dir='ltr'>imitati</span> <span class='ocrx_word' id='word_1_330' title='bbox 2025 2499 2139 2536; x_wconf 88' lang='lat' dir='ltr'>sunt.</span> <span class='ocrx_word' id='word_1_331' title='bbox 2210 2494 2369 2550; x_wconf 89' lang='lat' dir='ltr'>quibus</span> <span class='ocrx_word' id='word_1_332' title='bbox 2405 2490 2560 2533; x_wconf 88' lang='lat' dir='ltr'>studiis</span> 
     </span>
     <span class='ocr_line' id='line_1_30' title="bbox 271 2577 2564 2637; baseline 0.001 -17"><span class='ocrx_word' id='word_1_333' title='bbox 271 2577 542 2620; x_wconf 89' lang='lat' dir='ltr'>iuuenilibus</span> <span class='ocrx_word' id='word_1_334' title='bbox 578 2591 713 2634; x_wconf 90' lang='lat' dir='ltr'>quam</span> <span class='ocrx_word' id='word_1_335' title='bbox 747 2580 940 2620; x_wconf 84' lang='lat' dir='ltr'>maxime</span> <span class='ocrx_word' id='word_1_336' title='bbox 980 2580 1173 2636; x_wconf 86' lang='lat' dir='ltr'>innixus,</span> <span class='ocrx_word' id='word_1_337' title='bbox 1207 2593 1307 2621; x_wconf 90' lang='lat' dir='ltr'>cum</span> <span class='ocrx_word' id='word_1_338' title='bbox 1342 2580 1399 2622; x_wconf 89' lang='lat' dir='ltr'>ad</span> <span class='ocrx_word' id='word_1_339' title='bbox 1423 2582 1592 2637; x_wconf 91' lang='lat' dir='ltr'>poesim</span> <span class='ocrx_word' id='word_1_340' title='bbox 1617 2583 1827 2624; x_wconf 86' lang='lat' dir='ltr'>Messalla</span> <span class='ocrx_word' id='word_1_341' title='bbox 1852 2593 2035 2624; x_wconf 88' lang='lat' dir='ltr'>suasore</span> <span class='ocrx_word' id='word_1_342' title='bbox 2069 2580 2248 2636; x_wconf 85' lang='lat' dir='ltr'>rediret,</span> <span class='ocrx_word' id='word_1_343' title='bbox 2294 2584 2426 2636; x_wconf 87' lang='lat' dir='ltr'>poeta</span> <span class='ocrx_word' id='word_1_344' title='bbox 2469 2580 2564 2622; x_wconf 89' lang='lat' dir='ltr'>fere</span> 
     </span>
     <span class='ocr_line' id='line_1_31' title="bbox 266 2664 2563 2724; baseline 0.001 -20"><span class='ocrx_word' id='word_1_345' title='bbox 266 2664 678 2719; x_wconf 86' lang='lat' dir='ltr'>quinquagenarius</span> <span class='ocrx_word' id='word_1_346' title='bbox 701 2664 821 2707; x_wconf 85' lang='lat' dir='ltr'>Cirin</span> <span class='ocrx_word' id='word_1_347' title='bbox 855 2666 1102 2721; x_wconf 90' lang='lat' dir='ltr'>conposuit,</span> <span class='ocrx_word' id='word_1_348' title='bbox 1119 2666 1182 2706; x_wconf 89' lang='lat' dir='ltr'>ita</span> <span class='ocrx_word' id='word_1_349' title='bbox 1194 2670 1344 2708; x_wconf 84' lang='lat' dir='ltr'>tamen</span> <span class='ocrx_word' id='word_1_350' title='bbox 1363 2672 1410 2708; x_wconf 91' lang='lat' dir='ltr'>ut</span> <span class='ocrx_word' id='word_1_351' title='bbox 1425 2667 1608 2721; x_wconf 80' lang='lat' dir='ltr'>Vergilii</span> <span class='ocrx_word' id='word_1_352' title='bbox 1622 2680 1797 2724; x_wconf 89' lang='lat' dir='ltr'>quoque</span> <span class='ocrx_word' id='word_1_353' title='bbox 1810 2669 1978 2708; x_wconf 86' lang='lat' dir='ltr'>interea</span> <span class='ocrx_word' id='word_1_354' title='bbox 1998 2679 2107 2723; x_wconf 87' lang='lat' dir='ltr'>prae</span> <span class='ocrx_word' id='word_1_355' title='bbox 2127 2665 2301 2708; x_wconf 88' lang='lat' dir='ltr'>Catullo</span> <span class='ocrx_word' id='word_1_356' title='bbox 2321 2666 2563 2707; x_wconf 84' lang='lat' dir='ltr'>maximam</span> 
     </span>
     <span class='ocr_line' id='line_1_32' title="bbox 270 2747 2564 2809; baseline 0 -17"><span class='ocrx_word' id='word_1_357' title='bbox 270 2750 460 2804; x_wconf 88' lang='lat' dir='ltr'>gloriam</span> <span class='ocrx_word' id='word_1_358' title='bbox 485 2748 635 2806; x_wconf 87' lang='lat' dir='ltr'>adepti</span> <span class='ocrx_word' id='word_1_359' title='bbox 669 2747 816 2805; x_wconf 90' lang='lat' dir='ltr'>(cuius</span> <span class='ocrx_word' id='word_1_360' title='bbox 849 2750 975 2794; x_wconf 90' lang='lat' dir='ltr'>locus</span> <span class='ocrx_word' id='word_1_361' title='bbox 1010 2750 1207 2807; x_wconf 88' lang='lat' dir='ltr'>quidam,</span> <span class='ocrx_word' id='word_1_362' title='bbox 1242 2755 1288 2793; x_wconf 93' lang='lat' dir='ltr'>ut</span> <span class='ocrx_word' id='word_1_363' title='bbox 1323 2751 1426 2807; x_wconf 84' lang='lat' dir='ltr'>dixi,</span> <span class='ocrx_word' id='word_1_364' title='bbox 1459 2757 1620 2809; x_wconf 87' lang='lat' dir='ltr'>poetae</span> <span class='ocrx_word' id='word_1_365' title='bbox 1656 2765 1811 2796; x_wconf 88' lang='lat' dir='ltr'>ansam</span> <span class='ocrx_word' id='word_1_366' title='bbox 1851 2752 2031 2797; x_wconf 84' lang='lat' dir='ltr'>fabulae</span> <span class='ocrx_word' id='word_1_367' title='bbox 2077 2751 2131 2794; x_wconf 93' lang='lat' dir='ltr'>de</span> <span class='ocrx_word' id='word_1_368' title='bbox 2171 2752 2280 2795; x_wconf 90' lang='lat' dir='ltr'>Niso</span> <span class='ocrx_word' id='word_1_369' title='bbox 2322 2755 2364 2793; x_wconf 84' lang='lat' dir='ltr'>et-</span> <span class='ocrx_word' id='word_1_370' title='bbox 2412 2750 2564 2804; x_wconf 82' lang='lat' dir='ltr'>Scylla</span> 
     </span>
     <span class='ocr_line' id='line_1_33' title="bbox 271 2833 2413 2893; baseline 0.001 -16"><span class='ocrx_word' id='word_1_371' title='bbox 271 2833 532 2877; x_wconf 86' lang='lat' dir='ltr'>tractandae</span> <span class='ocrx_word' id='word_1_372' title='bbox 569 2834 745 2878; x_wconf 91' lang='lat' dir='ltr'>dedisse</span> <span class='ocrx_word' id='word_1_373' title='bbox 779 2834 976 2892; x_wconf 84' lang='lat' dir='ltr'>uidetur)</span> <span class='ocrx_word' id='word_1_374' title='bbox 1012 2837 1213 2879; x_wconf 88' lang='lat' dir='ltr'>carmina</span> <span class='ocrx_word' id='word_1_375' title='bbox 1248 2850 1274 2879; x_wconf 90' lang='lat' dir='ltr'>a</span> <span class='ocrx_word' id='word_1_376' title='bbox 1308 2850 1356 2880; x_wconf 89' lang='lat' dir='ltr'>se</span> <span class='ocrx_word' id='word_1_377' title='bbox 1391 2837 1586 2881; x_wconf 88' lang='lat' dir='ltr'>studiose</span> <span class='ocrx_word' id='word_1_378' title='bbox 1619 2838 1816 2881; x_wconf 86' lang='lat' dir='ltr'>lectitata</span> <span class='ocrx_word' id='word_1_379' title='bbox 1848 2839 2092 2881; x_wconf 87' lang='lat' dir='ltr'>imitatione</span> <span class='ocrx_word' id='word_1_380' title='bbox 2134 2838 2413 2893; x_wconf 84' lang='lat' dir='ltr'>exprimeret.</span> 
     </span>
    </p>

    <p class='ocr_par' dir='ltr' id='par_1_6' title="bbox 268 2920 2563 3066">
     <span class='ocr_line' id='line_1_34' title="bbox 462 2920 2563 2979; baseline 0 -14"><span class='ocrx_word' id='word_1_381' title='bbox 462 2922 578 2966; x_wconf 91' lang='lat' dir='ltr'>Hinc</span> <span class='ocrx_word' id='word_1_382' title='bbox 629 2920 938 2979; x_wconf 86' lang='lat' dir='ltr'>explicandum</span> <span class='ocrx_word' id='word_1_383' title='bbox 985 2924 1051 2964; x_wconf 81' lang='lat' dir='ltr'>est</span> <span class='ocrx_word' id='word_1_384' title='bbox 1094 2921 1234 2978; x_wconf 91' lang='lat' dir='ltr'>quod,</span> <span class='ocrx_word' id='word_1_385' title='bbox 1276 2924 1313 2966; x_wconf 90' lang='lat' dir='ltr'>si</span> <span class='ocrx_word' id='word_1_386' title='bbox 1356 2937 1466 2979; x_wconf 88' lang='lat' dir='ltr'>opus</span> <span class='ocrx_word' id='word_1_387' title='bbox 1514 2925 1734 2979; x_wconf 89' lang='lat' dir='ltr'>poeticum</span> <span class='ocrx_word' id='word_1_388' title='bbox 1788 2938 1886 2965; x_wconf 89' lang='lat' dir='ltr'>cum</span> <span class='ocrx_word' id='word_1_389' title='bbox 1932 2924 2120 2965; x_wconf 87' lang='lat' dir='ltr'>textrino</span> <span class='ocrx_word' id='word_1_390' title='bbox 2156 2935 2406 2979; x_wconf 81' lang='lat' dir='ltr'>conparare</span> <span class='ocrx_word' id='word_1_391' title='bbox 2447 2923 2563 2978; x_wconf 88' lang='lat' dir='ltr'>licet,</span> 
     </span>
     <span class='ocr_line' id='line_1_35' title="bbox 268 3007 2563 3066; baseline -0 -15"><span class='ocrx_word' id='word_1_392' title='bbox 268 3022 383 3066; x_wconf 89' lang='lat' dir='ltr'>quae</span> <span class='ocrx_word' id='word_1_393' title='bbox 428 3007 601 3052; x_wconf 85' lang='lat' dir='ltr'>Catullo</span> <span class='ocrx_word' id='word_1_394' title='bbox 647 3009 829 3064; x_wconf 90' lang='lat' dir='ltr'>eiusque</span> <span class='ocrx_word' id='word_1_395' title='bbox 880 3008 1142 3064; x_wconf 83' lang='lat' dir='ltr'>aequalibus</span> <span class='ocrx_word' id='word_1_396' title='bbox 1195 3008 1308 3051; x_wconf 86' lang='lat' dir='ltr'>Ciris</span> <span class='ocrx_word' id='word_1_397' title='bbox 1349 3014 1482 3065; x_wconf 87' lang='lat' dir='ltr'>poeta</span> <span class='ocrx_word' id='word_1_398' title='bbox 1532 3008 1663 3050; x_wconf 92' lang='lat' dir='ltr'>debet</span> <span class='ocrx_word' id='word_1_399' title='bbox 1715 3023 1768 3051; x_wconf 87' lang='lat' dir='ltr'>ea</span> <span class='ocrx_word' id='word_1_400' title='bbox 1802 3012 1929 3066; x_wconf 89' lang='lat' dir='ltr'>quasi</span> <span class='ocrx_word' id='word_1_401' title='bbox 1964 3014 2167 3052; x_wconf 91' lang='lat' dir='ltr'>stamen</span> <span class='ocrx_word' id='word_1_402' title='bbox 2221 3010 2431 3064; x_wconf 85' lang='lat' dir='ltr'>efficiunt,</span> <span class='ocrx_word' id='word_1_403' title='bbox 2492 3011 2563 3050; x_wconf 90' lang='lat' dir='ltr'>cui</span> 
     </span>
    </p>
   </div>
   <div class='ocr_carea' id='block_1_4' title="bbox 269 3268 2563 3388">
    <p class='ocr_par' dir='ltr' id='par_1_7' title="bbox 269 3268 2563 3388">
     <span class='ocr_line' id='line_1_36' title="bbox 461 3268 2563 3323; baseline -0.001 -12"><span class='ocrx_word' id='word_1_404' title='bbox 461 3270 507 3320; x_wconf 84' lang='lat'>6)</span> <span class='ocrx_word' id='word_1_405' title='bbox 536 3270 585 3310; x_wconf 88' lang='lat' dir='ltr'>cf.</span> <span class='ocrx_word' id='word_1_406' title='bbox 614 3270 782 3322; x_wconf 86' lang='lat' dir='ltr'>Pauly’s</span> <span class='ocrx_word' id='word_1_407' title='bbox 812 3270 1059 3321; x_wconf 80' lang='lat' dir='ltr'>realencycl.</span> <span class='ocrx_word' id='word_1_408' title='bbox 1089 3269 1163 3310; x_wconf 91' lang='lat' dir='ltr'>der</span> <span class='ocrx_word' id='word_1_409' title='bbox 1191 3269 1698 3311; x_wconf 85' lang='lat' dir='ltr'>altertumswissenschaft</span> <span class='ocrx_word' id='word_1_410' title='bbox 1740 3270 1799 3310; x_wconf 91' lang='lat' dir='ltr'>VI</span> <span class='ocrx_word' id='word_1_411' title='bbox 1824 3271 1847 3309; x_wconf 90' lang='lat'>2</span> <span class='ocrx_word' id='word_1_412' title='bbox 1884 3270 2001 3321; x_wconf 83' lang='lat'>2657,</span> <span class='ocrx_word' id='word_1_413' title='bbox 2031 3271 2167 3323; x_wconf 87' lang='lat' dir='ltr'>gesch.</span> <span class='ocrx_word' id='word_1_414' title='bbox 2202 3269 2277 3310; x_wconf 88' lang='lat' dir='ltr'>der</span> <span class='ocrx_word' id='word_1_415' title='bbox 2305 3274 2409 3309; x_wconf 73' lang='lat' dir='ltr'>rom.</span> <span class='ocrx_word' id='word_1_416' title='bbox 2438 3268 2563 3308; x_wconf 83' lang='lat' dir='ltr'>litter.</span> 
     </span>
     <span class='ocr_line' id='line_1_37' title="bbox 269 3333 2463 3388; baseline -0.001 -14"><span class='ocrx_word' id='word_1_417' title='bbox 269 3348 313 3388; x_wconf 91' lang='lat' dir='ltr'>p.</span> <span class='ocrx_word' id='word_1_418' title='bbox 351 3336 445 3386; x_wconf 83' lang='lat'>405,</span> <span class='ocrx_word' id='word_1_419' title='bbox 474 3335 694 3375; x_wconf 87' lang='lat' dir='ltr'>Ribbeckii</span> <span class='ocrx_word' id='word_1_420' title='bbox 723 3335 843 3388; x_wconf 84' lang='lat' dir='ltr'>proll.</span> <span class='ocrx_word' id='word_1_421' title='bbox 873 3334 1052 3387; x_wconf 86' lang='lat' dir='ltr'>append.</span> <span class='ocrx_word' id='word_1_422' title='bbox 1083 3335 1226 3386; x_wconf 87' lang='lat' dir='ltr'>uergil.</span> <span class='ocrx_word' id='word_1_423' title='bbox 1282 3347 1323 3387; x_wconf 87' lang='lat' dir='ltr'>p.</span> <span class='ocrx_word' id='word_1_424' title='bbox 1353 3336 1405 3374; x_wconf 83' lang='lat'>16</span> <span class='ocrx_word' id='word_1_425' title='bbox 1432 3347 1536 3386; x_wconf 71' lang='lat' dir='ltr'>sqq,</span> <span class='ocrx_word' id='word_1_426' title='bbox 1565 3336 1662 3376; x_wconf 92' lang='lat' dir='ltr'>Luc.</span> <span class='ocrx_word' id='word_1_427' title='bbox 1691 3336 1879 3375; x_wconf 89' lang='lat' dir='ltr'>Muelleri</span> <span class='ocrx_word' id='word_1_428' title='bbox 1908 3336 2038 3387; x_wconf 85' lang='lat' dir='ltr'>praef.</span> <span class='ocrx_word' id='word_1_429' title='bbox 2068 3335 2135 3375; x_wconf 89' lang='lat' dir='ltr'>ad.</span> <span class='ocrx_word' id='word_1_430' title='bbox 2166 3333 2255 3374; x_wconf 85' lang='lat' dir='ltr'>Cat.</span> <span class='ocrx_word' id='word_1_431' title='bbox 2284 3347 2325 3386; x_wconf 89' lang='lat' dir='ltr'>p.</span> <span class='ocrx_word' id='word_1_432' title='bbox 2354 3334 2463 3373; x_wconf 88' lang='lat' dir='ltr'>XLI.</span> 
     </span>
    </p>
   </div>
  </div>
 </body>
</html>
