2796 3432
1169 27 1585 66 —5....—.

237 150 420 194 cuidam
441 151 549 193 satis
576 149 714 193 faciat
733 148 972 192 Hortensio
994 149 1234 192 missurum
1258 161 1375 191 esse:
1425 149 1489 191 ita
1512 147 1648 205 plane
1669 152 1804 204 poeta
1834 145 1972 192 Ciris:
2017 146 2343 204 ‘Quamquam’‚
2365 148 2523 205 inquit,

237 233 310 277 ‘ex
331 233 538 290 publicae
562 234 681 276 uitae
704 233 934 277 laboribus
968 233 1174 289 curisque
1205 233 1487 289 requieturus
1520 231 1832 289 philosophiae
1863 245 1936 275 me
1970 233 2152 276 omnino
2186 231 2351 288 dedidi,
2382 233 2524 277 nihilo

239 322 388 361 tamen
431 319 579 362 minus
618 319 927 361 narrationem
967 317 1024 361 de
1064 318 1219 375 Scylla
1252 319 1359 361 olim
1394 322 1597 375 coeptam
1630 317 1846 375 perficere
1879 318 1924 359 in
1959 318 2108 360 animo
2142 320 2223 360 est.
2265 338 2327 347 -—
2365 318 2524 376 Neque

236 406 383 448 solum
444 405 708 448 sententiam
768 405 1028 447 uniuersam
1088 408 1132 447 et
1195 406 1407 449 orationis
1472 403 1872 447 conformationem
1932 402 2012 445 sed
2075 404 2210 447 etiam
2280 404 2523 448 uerborum

239 490 438 547 aliquam
459 492 635 546 partem
657 490 847 547 scriptor
871 488 985 533 Ciris
1008 502 1063 532 ex
1085 488 1259 534 Catullo
1283 491 1492 547 sumpsit:
1527 489 1583 531 cf.
1609 501 1651 530 u.
1676 488 1702 530 1
1726 484 1833 531 Etsi
1851 501 1920 529 me
1939 486 2153 531 iactatum
2181 505 2239 526 =
2266 488 2362 533 Cat.
2387 489 2465 545 65,
2493 489 2521 532 1

237 572 346 618 Etsi
380 587 450 618 me
488 571 732 632 confectum
745 589 759 622 ‚·
803 573 831 616 9
870 587 961 617 ‘nou
1003 580 1151 618 tamen
1196 591 1251 613 =
1294 574 1390 619 Cat.
1433 574 1508 630 65,
1549 574 1610 617 15
1648 570 1723 616 sed
1757 578 1919 617 tamen.
1986 572 2066 617 sed
2110 574 2201 618 alia
2250 587 2427 632 quoque
2467 586 2525 618 ex

237 661 325 704 hoc
357 661 457 704 loco
491 659 711 703 translata
744 663 846 703 sunt
877 662 922 704 in
959 659 1094 705 Cirin.
1162 674 1266 704 nam
1308 671 1463 702 uersus
1500 658 1527 702 5
1561 659 1607 701 in
1640 658 1764 703 libris
1807 660 1872 702 sic
1904 660 2101 714 grauiter
2134 665 2366 715 corruptus
2405 655 2524 702 Tum

237 760 338 789 mea
377 730 477 806 (ea)
521 750 670 803 queret
709 758 755 788 eo
794 742 984 802 diyuum
1024 743 1105 788 sibi
1142 758 1322 803 querere
1362 757 1563 796 carmen,
1607 756 1738 800 quem
1773 743 1992 800 Hauptius
2032 745 2194 801 partim
2247 744 2523 800 Scaligerum

236 836 414 877 secutus
448 833 626 889 egregie
648 835 713 873 ita
734 832 910 887 scripsit
931 845 1021 874 uec
1054 845 1163 873 mea
1195 829 1310 888 quit
1341 827 1485 872 ratio
1518 827 1708 886 diyuu‘m
1728 828 1810 872 sibi
1836 842 2046 887 quaerere
2068 842 2261 879 carmen,
2286 832 2523 874 manifesto

237 933 291 963 ex
317 932 449 962 uersu
487 918 519 976 4
558 917 798 960 catulliano
840 929 1075 972 expressus
1099 919 1183 960 est:
1249 911 1357 958 Nec
1382 912 1523 971 potis
1556 919 1628 957 est
1661 911 1802 957 dulcis
1841 928 2076 958 musarum
2116 926 2372 972 expromere
2409 913 2524 966 fetus

234 1001 369 1046 Mens
385 1001 542 1045 animi.
589 1003 692 1044 hinc
710 1003 926 1056 Scaligeri
944 1006 988 1043 et
1006 1001 1184 1056 Hauptii
1204 1002 1368 1055 optime
1386 1001 1674 1043 confirmatur
1692 1000 1960 1053 emendatio,
1978 1002 2049 1042 cui
2065 1002 2204 1044 miror
2226 1001 2522 1043 Ribbeckium

235 1104 361 1133 suam
397 1091 535 1145 ipsius
570 1091 688 1130 hanc
721 1089 984 1144 praetulisse
1018 1085 1203 1143 Iamque
1235 1100 1333 1127 mea
1366 1084 1539 1128 ratione
1573 1084 1850 1142 indiy-numst
1884 1100 2092 1141 quaerere
2125 1101 2318 1128 carmen.
2387 1102 2521 1143 quam

236 1188 337 1217 cum
372 1174 631 1216 defenderet
652 1171 713 1232 9),
747 1176 894 1216 uirum
918 1174 1221 1215 doctissimum
1243 1173 1353 1227 fugit
1376 1170 1566 1231 diqnum
1599 1185 1779 1213 carmen
1812 1185 1902 1213 non
1938 1172 2100 1214 dixisse
2132 1177 2310 1228 poetam
2335 1184 2517 1214 carmen

237 1259 421 1315 dignum
454 1273 572 1302 nouo
608 1272 687 1302 suo
722 1258 1033 1315 philosophiae
1068 1256 1228 1312 studio„
1263 1256 1341 1299 sed
1376 1270 1557 1299 carmen
1593 1261 1662 1300 sat
1695 1257 1860 1300 bonum
1901 1261 1944 1299 et
1977 1270 2024 1299 se
2062 1260 2199 1313 poeta
2234 1261 2277 1298 et
2309 1256 2521 1298 Messalla

234 1346 409 1388 fautore
444 1344 626 1400 dignum
662 1344 864 1386 absolute
898 1343 1185 1398 significasse.

427 1431 574 1474 Etiam
600 1430 713 1472 alius
738 1441 895 1471 uersus
918 1429 1033 1470 inter
1056 1440 1133 1471 eos
1158 1440 1268 1485 quos
1292 1439 1428 1484 supra
1461 1426 1649 1483 excripsi
1684 1431 1801 1469 extat
1834 1428 1957 1469 cuius
1993 1426 2047 1469 ad
2073 1439 2226 1469 ueram
2256 1428 2517 1485 scripturam

234 1516 552 1561 inueniendam
588 1516 846 1571 conparatio
870 1514 958 1556 loci
992 1514 1218 1556 catulliani
1241 1514 1472 1556 utilissima
1501 1516 1580 1556 est.
1649 1516 1692 1554 et
1715 1515 1832 1556 enim
1856 1526 2012 1556 uersus
2038 1514 2065 1557 6
2088 1516 2134 1556 in
2162 1514 2287 1556 bonis
2310 1514 2434 1556 libris
2460 1536 2519 1543 —

235 1603 334 1646 dico
369 1600 760 1644 helmstadiensem
796 1604 839 1642 et
870 1600 1217 1656 rehdigeranum
1250 1623 1311 1630 —
1346 1601 1409 1642 ita
1442 1600 1628 1656 scriptus
1663 1600 1840 1655 legitur:

760 1728 886 1787 lonye
918 1727 1044 1771 aliud
1074 1726 1271 1771 studium
1303 1732 1431 1785 atque
1463 1725 1569 1770 alios
1602 1724 1796 1769 accincta
1831 1724 2005 1774 labores,

232 1858 308 1912 qui
350 1862 396 1897 ut
435 1869 534 1897 cum
569 1856 865 1911 praecedente
900 1856 1255 1911 coniungeretur,
1296 1854 1464 1897 addidit
1501 1857 1603 1911 post
1634 1867 1678 1896 n.
1714 1851 1820 1896 alios
1853 1854 1917 1898 G.
1953 1855 2160 1896 Puetzius
2192 1852 2267 1904 ¹⁰)
2310 1854 2518 1896 uoculam

234 1954 345 1997 quae
380 1941 436 1984 ad
472 1956 512 1983 u.
548 1940 663 1983 ratio
699 1939 763 1995 (u.
802 1942 851 1997 5)
875 1940 1173 1983 referendam.
1240 1941 1325 1982 hoc
1347 1940 1565 1996 Hauptius
1606 1944 1650 1983 et
1682 1939 1954 1983 Ribbeckius
1989 1939 2363 1996 adprobauerunt.
2432 1940 2519 1984 Sed

237 2026 310 2069 uel
351 2028 446 2084 ipse
486 2028 693 2070 Puetzius
733 2029 979 2071 rectissime
1013 2027 1151 2069 sensit
1173 2039 1307 2082 quam
1329 2027 1513 2069 moleste
1538 2026 1648 2069 illud
1672 2039 1781 2084 quae
1804 2030 1975 2069 sextum
1998 2024 2179 2068 demum
2212 2027 2258 2068 in
2292 2027 2520 2068 enuntiato

234 2112 383 2155 locum
425 2113 621 2156 obtineat
663 2113 882 2170 simulque
924 2113 1108 2157 elisione
1145 2124 1290 2169 paene
1325 2113 1504 2156 omnino
1556 2112 1830 2156 obscuretur.
1896 2110 2069 2153 nullum
2111 2111 2230 2153 enim
2264 2111 2517 2167 exemplum

231 2211 286 2242 ex
335 2198 427 2242 Ciri
476 2197 641 2242 adferri
681 2203 826 2255 potest
859 2211 946 2256 quo
980 2198 1058 2241 illa
1092 2198 1330 2241 artificiosa
1362 2198 1638 2254 pronominis
1672 2197 1846 2240 relatiui
1886 2195 2046 2252 positio
2089 2193 2195 2239 satis
2236 2195 2514 2239 defendatur.

230 2297 322 2327 non
366 2283 541 2340 quidem
580 2290 843 2341 aspernatus
877 2290 944 2328 est
976 2288 1109 2341 poeta
1144 2283 1258 2328 Ciris
1291 2284 1568 2340 pronominis
1590 2283 1766 2326 relatiui
1791 2282 2113 2325 inuersionem:
2181 2281 2259 2325 sed
2290 2281 2520 2326 moderate

232 2372 351 2413 hanc
391 2372 617 2413 licentiam
659 2373 740 2413 sibi
784 2373 984 2428 sumpsit.
1051 2373 1167 2413 inter
1209 2371 1489 2426 septuaginta
1537 2370 1631 2410 fere
1683 2368 1886 2423 exempla
1932 2368 2209 2422 pronominis
2248 2370 2424 2411 relatiui
2474 2371 2520 2411 in

232 2457 324 2500 Ciri
374 2458 459 2499 hoc
509 2470 756 2514 pronomen
809 2459 1073 2515 quinquiens
1124 2456 1319 2498 secundo
1372 2456 1586 2498 enuntiati
1630 2455 1728 2496 loco
1774 2454 1863 2506 (58.
1917 2453 2022 2495 268.
2076 2453 2181 2496 328.
2237 2455 2342 2498 521.
2396 2455 2521 2510 534),

233 2548 301 2585 ter
324 2544 451 2585 tertio
480 2541 585 2600 <15?
611 2542 716 2585 246.
743 2539 871 2602 394),
894 2547 962 2585 ter
984 2547 1143 2599 quarto
1172 2541 1295 2601 (127.
1322 2541 1429 2584 238.
1457 2540 1585 2594 361),
1611 2540 1749 2582 semel
1773 2541 1924 2596 quinto
1954 2540 2090 2596 (412)
2113 2543 2347 2596 reperitur.
2399 2547 2521 2584 sexto

229 2627 347 2683 loco,
371 2628 407 2670 si
430 2631 631 2671 nostrum
658 2627 805 2671 locum
830 2628 1088 2684 omittimus,
1112 2640 1202 2671 non
1225 2627 1458 2683 reperitur.
1500 2625 1545 2668 in
1566 2637 1698 2668 uersu
1724 2629 1871 2669 autem
1895 2625 2004 2683 412,
2027 2626 2104 2670 ubi
2127 2628 2280 2683 quinto
2305 2629 2521 2671 enuntiati

229 2712 330 2755 loco
361 2712 598 2756 relatiuum
631 2726 880 2768 pronomen
915 2713 1187 2767 conlocatur,
1220 2713 1483 2768 pronomine
1528 2711 1877 2754 demonstratiuo
1902 2709 1968 2753 ille
1996 2714 2243 2768 praemisso
2285 2713 2523 2756 insolentia

229 2797 444 2839 orationis
479 2811 612 2852 quam
645 2798 839 2839 maxime
872 2800 1120 2853 mitigatur:

773 2912 876 2958 illa
910 2928 983 2973 eqo
1018 2928 1117 2957 sum
1149 2911 1258 2958 Nisi
1279 2911 1483 2973 pollentis
1502 2911 1609 2971 fllia
1642 2911 1878 2971 quondam,

770 2999 971 3045 certatim
1006 3015 1060 3044 eoe
1093 2998 1218 3044 omui
1239 2999 1369 3059 petiit
1402 3014 1557 3057 quam
1596 2995 1789 3042 Graecia
1829 3014 1976 3057 reque.

421 3247 465 3288 9)
496 3246 544 3284 cf.
575 3244 679 3284 inus.
710 3247 825 3284 rhen.
855 3246 997 3285 XVIII
1028 3245 1188 3294 (1863),
1224 3246 1311 3283 112.

424 3311 495 3356 10)
525 3310 706 3348 adnotat.
740 3311 781 3347 iu
814 3310 935 3359 Verg.
966 3308 1093 3348 Cirin.
1125 3307 1320 3347 Coloniae
1350 3310 1402 3347 ad
1434 3310 1621 3347 Rhenum
1655 3309 1766 3346 1846.
1823 3321 1862 3359 p.
1892 3310 1926 3347 6.
