2796 3432
1161 9 1576 54 —9.-.

222 135 412 197 wiyilata
443 134 634 182 lucernis
658 132 888 186 αινηιίπα,
913 134 1011 195 quis
1031 134 1152 195 iynes
1179 134 1388 182 nouimus
1411 134 1635 186 aetherios,
1658 132 1795 179 Leuis
1816 134 1866 179 in
1887 134 2069 180 ‘aridulo
2097 134 2272 180 maluae
2293 134 2512 196 descripta

223 220 357 268 libello
382 219 605 267 Pmsiaca
626 219 734 267 ueoei
751 234 944 266 munera
975 219 1189 266 nauicula
1221 220 1299 277 (cf.
1335 223 1467 267 etiam
1502 223 1631 268 Statii
1663 222 1762 267 silu.
1797 222 1842 279 4,
1867 222 1910 278 6,
1936 224 1995 267 25
2029 222 2246 267 Thebaid.
2283 223 2359 281 12,
2394 222 2510 276 811)

220 292 414 352 ‘fortasse
457 309 513 352 ab
556 307 715 353 eodem
757 307 902 354 Cinna
939 307 1056 354 Ciris
1103 311 1239 365 poeta
1283 307 1527 366 desumpsit
1566 309 1821 365 genetiuum
1859 306 1967 351 tabis
2009 311 2074 363 (u.
2117 307 2250 364 254):
2319 309 2509 355 Cinnam

224 396 343 438 enim
384 395 507 439 nullo
550 399 653 439 ante
687 408 736 439 se
769 408 900 439 usum
935 397 1116 438 auctore
1148 394 1195 437 in
1228 395 1427 450 Zmyrna
1459 395 1714 451 genetiuum
1748 392 1856 437 tabis
1890 394 2050 438 dixisse
2085 394 2313 439 Charisius
2353 410 2396 452 p.
2436 394 2508 438 73.

228 480 317 524 118
356 481 406 524 Ρ.
448 481 590 525 docet.
634 482 689 525 cf.
732 480 1040 524 Weichertum
1087 479 1186 522 rell.
1235 483 1372 536 poett.
1422 493 1465 535 p.
1517 478 1610 523 190
1660 480 1999 523 Lachmannum
2039 480 2095 523 ad
2139 481 2269 523 Lucr.
2322 495 2363 537 p.
2418 481 2512 523 174

220 566 415 611 Neuium
449 580 637 623 gramm.
671 568 748 610 lat.
786 567 828 619 1,
864 567 970 611 510.

688 735 748 779 55
784 729 918 792 (nam
951 748 1110 777 uerum
1131 733 1389 791 fateamur:
1421 741 1544 778 amat
1575 733 1876 794 Polyhymnia
1911 732 2109 796 uerum).

218 904 274 946 cf.
316 903 479 948 Catulli
524 906 599 961 62,
642 906 703 948 16
744 903 854 947 Iure
893 904 1033 964 iqitur
1071 904 1331 947 uincemur:
1364 912 1486 947 amat
1519 904 1707 947 uictoria
1742 919 1912 948 curam.
1979 910 2214 962 praeterea
2249 904 2506 946 conferendi

218 995 320 1033 sunt
341 1002 498 1034 uersus
523 993 758 1047 uergiliani
793 993 922 1035 catal.
961 992 1003 1049 7,
1031 993 1090 1036 12
1127 988 1260 1051 (nam
1280 991 1529 1051 fatebimur
1566 1005 1737 1041 uerum,
1782 990 1944 1033 Dulces
1977 988 2144 1050 fuistis)
2183 997 2225 1032 et
2259 992 2339 1032 ecl.
2377 991 2421 1045 3,
2447 991 2506 1032 59

217 1074 420 1120 Alternis
452 1075 623 1120 dicetis:
687 1083 844 1120 amant
875 1075 1049 1120 alterna
1083 1089 1299 1120 camenae.

814 1246 872 1291 73
907 1246 1165 1306 coniuyium
1199 1262 1329 1291 carae
1363 1245 1610 1290 uiolauerat
1643 1245 1950 1305 Amphitrites.

216 1421 271 1463 cf.
306 1420 400 1463 486
433 1417 543 1463 Non
566 1419 717 1463 statuit
752 1417 968 1479 (nimium
1002 1426 1059 1462 est
1093 1418 1279 1462 auidum
1294 1432 1429 1477 pecus
1452 1416 1786 1476 Amphitrites).
1846 1420 1979 1461 etiam
2015 1421 2058 1461 in
2095 1419 2376 1462 admittendis
2407 1432 2505 1461 uer-

215 1506 337 1548 sibus
372 1505 625 1562 spondiacis
660 1511 816 1549 auctor
844 1506 964 1550 Ciris
999 1505 1161 1549 Catulli
1195 1507 1472 1562 potissimum
1509 1507 1750 1564 discipulus
1785 1506 2070 1562 adgnoscitur
2096 1504 2182 1560 ¹4).

404 1592 445 1635 Is
471 1593 590 1634 enim
614 1605 886 1649 quamquam
911 1592 1150 1649 Catullum,
1174 1606 1261 1650 quo
1285 1606 1417 1636 nemo
1441 1597 1575 1649 poeta
1597 1594 1643 1635 in
1668 1592 1744 1635 illo
1775 1593 1958 1635 artificio
1985 1589 2237 1633 adhibendo
2262 1591 2502 1646 largiorem

216 1689 265 1720 se
298 1676 529 1733 praebuit,
563 1689 751 1720 numero
785 1690 876 1721 non
912 1679 1143 1734 aequauit,
1176 1681 1326 1721 tamen
1358 1682 1529 1721 ceteros
1551 1681 1707 1734 poetas
1731 1654 2347 1734 spondiacorum⁰frequentia
2370 1676 2503 1733 longe

211 1762 452 1817 superauit.
510 1761 647 1806 ueluti
680 1762 877 1818 singulos
911 1762 1177 1819 spondiacos
1214 1763 1435 1819 Vergilius
1468 1764 1584 1806 inter
1617 1775 1772 1806 uersus
1807 1761 2136 1819 quadringenos
2170 1766 2320 1805 ternos
2356 1761 2494 1806 denos

209 1844 396 1890 Ouidius
430 1849 546 1890 inter
580 1847 777 1892 ducenos
812 1853 1051 1904 octogenos
1087 1850 1245 1905 quinos
1282 1848 1472 1904 admisit,
1509 1848 1657 1892 sedin
1681 1848 1845 1904 epyllio
1872 1847 2032 1891 Catulli
2074 1852 2254 1903 quartus
2301 1847 2499 1890 decimus

210 1934 395 1989 quisque
430 1946 586 1974 uersus
621 1935 871 1990 spondeum
903 1938 947 1976 in
985 1938 1136 1991 quinto
1170 1936 1285 1992 pede
1309 1937 1461 1990 habet,
1493 1937 1539 1976 in
1564 1934 1654 1977 Ciri
1679 1939 1826 1975 autem
1853 1935 2099 1975 tricesimus
2124 1938 2270 1976 sextus
2302 1935 2502 1989 quisque,

211 2020 423 2074 quoniam
456 2020 571 2061 inter
612 2021 877 2076 quingentos
921 2022 1218 2078 quadraginta
1254 2036 1388 2063 unum
1421 2034 1577 2063 uersus
1605 2020 1856 2076 quindecim
1890 2033 2177 2063 numeramus
2213 2019 2501 2075 spondiacos:

216 2103 288 2146 73.
338 2104 411 2147 82.
449 2105 523 2147 96.
574 2104 680 2149 113.
728 2106 836 2149 158.
880 2106 986 2151 239.
1030 2106 1137 2152 326.
1181 2106 1287 2150 398.
1330 2106 1440 2150 413.
1481 2108 1591 2151 434.
1626 2105 1733 2149 474.
1769 2108 1877 2149 486.
1924 2107 2032 2148 495.
2071 2106 2175 2148 519.
2215 2105 2319 2147 535.

402 2190 452 2233 In
475 2190 544 2233 his
566 2193 700 2247 poeta
720 2190 833 2235 Ciris
853 2196 1039 2251 sumpsit
1056 2197 1123 2235 ter
1141 2192 1386 2235 clausulam
1399 2191 1693 2249 spondiacam
1712 2205 1738 2235 a
1752 2190 1947 2236 Catullo:
1978 2193 2034 2236 73
2051 2196 2094 2235 et
2105 2191 2197 2235 486
2211 2188 2504 2249 Amphitrites

209 2271 287 2325 (cf.
314 2274 408 2319 Cat.
436 2277 510 2331 64,
535 2275 593 2319 11
619 2272 977 2335 Amphitriten),
1000 2277 1092 2323 413
1117 2273 1432 2335 Hellespontus
1457 2277 1534 2333 (cf.
1561 2277 1655 2322 Cat.
1683 2277 1757 2333 64,
1782 2277 1874 2322 358
1909 2274 2231 2334 Hellesponto).
2285 2281 2443 2320 contra
2478 2290 2506 2319 a

210 2360 407 2415 Vergilio
433 2361 606 2404 sexiens
631 2362 878 2407 clausulam
902 2364 1193 2420 spondiacam
1228 2370 1451 2409 mutuatus
1483 2370 1566 2408 est:
1625 2364 1685 2407 96
1726 2361 1950 2406 narcissus
1993 2360 2070 2419 (cf.
2105 2363 2240 2418 Verg.
2278 2362 2358 2404 ecl.
2398 2362 2505 2417 5,38

210 2444 444 2503 narcisso),
479 2446 574 2490 434
607 2445 736 2504 (nam
769 2449 1043 2493 Ribbeckius
1079 2450 1276 2493 aldinam
1311 2452 1552 2495 editionem
1585 2454 1705 2493 recte
1739 2453 1916 2493 secutus
1950 2447 2037 2506 est)
2073 2447 2222 2491 electro
2266 2447 2342 2496 (ef.
2368 2449 2502 2505 Verg.

219 2534 328 2577 Aen.
371 2536 423 2590 8,
463 2534 555 2577 402
602 2532 801 2592 electro),
848 2535 940 2579 535
979 2533 1153 2580 Oriona
1187 2535 1265 2594 (cf.
1301 2538 1435 2594 Verg.
1472 2539 1585 2581 Aen.
1624 2537 1673 2593 3,
1709 2536 1798 2580 517
1839 2532 2048 2592 Oriona),
2089 2536 2178 2578 519
2215 2533 2390 2577 desertis
2424 2536 2502 2579 (cf.

210 2618 348 2674 Verg.
383 2620 497 2663 Aen.
541 2618 617 2674 12,
663 2619 755 2665 863
797 2618 974 2664 desertis
1011 2646 1073 2652 —
1106 2636 1156 2665 re
1190 2636 1300 2666 uera
1333 2627 1512 2680 poetam
1546 2622 1664 2665 hanc
1696 2622 1942 2665 clausulam
1980 2635 2032 2664 ex
2062 2621 2259 2677 Vergilio
2300 2621 2502 2663 hausisse

209 2704 368 2761 negari
400 2718 490 2748 non
524 2708 688 2762 potest:
748 2707 795 2749 in
821 2706 913 2751 ciri
948 2708 1101 2764 Scylla
1132 2710 1177 2752 in
1204 2723 1335 2753 auem
1369 2712 1538 2752 mutata
1573 2708 1837 2752 describitur
1871 2721 1957 2765 quo
1992 2706 2124 2750 modo
2161 2720 2322 2748 aeuum
2358 2707 2506 2762 exigat

208 2789 255 2830 in
296 2788 483 2847 rupibus
515 2796 555 2832 et
586 2789 772 2849 scopulis
795 2797 834 2833 et
856 2790 1052 2835 litoribus
1084 2791 1281 2836 desertis:
1335 2794 1559 2847 Vergilius
1584 2797 1742 2837 narrat
1762 2794 1923 2837 Diram
1951 2793 2139 2835 alteram
2162 2805 2208 2834 se
2233 2793 2279 2832 iu
2312 2792 2504 2833 formam

211 2876 416 2919 aniculae
454 2881 652 2920 mutasse
696 2873 821 2929 Quae
860 2876 1086 2935 quondam
1128 2877 1177 2921 in
1211 2877 1343 2922 bustis
1376 2885 1453 2921 aut
1494 2877 1756 2922 culminibus
1790 2876 1965 2920 desertis
1998 2873 2137 2919 Nocte
2170 2874 2318 2918 sedens
2356 2889 2503 2918 serum

211 2960 334 3004 canit
365 2961 611 3020 inportuna
636 2976 724 3021 per
757 2961 982 3020 umbras).·
1046 2965 1093 3007 in
1128 2964 1300 3008 duobus
1335 2978 1451 3022 quae
1484 2969 1656 3006 restant
1690 2965 1903 3020 exemplis
1936 2978 2026 3006 non
2062 2963 2261 3005 clausula
2294 2963 2391 3005 sola
2425 2961 2502 3005 sed

404 3263 476 3310 14)
506 3264 555 3302 cf.
592 3263 644 3302 de
680 3266 767 3302 tota
815 3265 893 3302 hac
943 3264 1185 3314 quaestione
1232 3264 1620 3302 commentationem
1663 3264 1796 3301 bonae
1837 3264 1964 3314 frugis
2012 3264 2295 3314 plenissimam
2333 3263 2502 3302 Antonii

213 3325 407 3365 Viertelii
435 3328 478 3366 in
507 3327 643 3366 Iahnii
671 3328 808 3367 annal.
836 3328 980 3379 philol.
1010 3328 1211 3367 LXXXV
1240 3328 1399 3378 (1862),
1427 3327 1503 3366 801
1534 3340 1623 3377 sqq.

2227 3400 2248 3432 3
