2796 3432
1165 42 1294 48 Μ,-
1360 10 1425 58 14
1487 41 1617 49 .—

233 149 542 205 putam·
571 157 710 204 qna-
739 151 1054 202 ιιι-«ιοῃιι
1081 156 1189 189 ess·
1218 142 1560 189 duisino-ines
1598 146 1842 203 conparari
1874 143 1994 195 m
2015 144 2547 204 *within*

233 231 459 277 minuti
485 234 826 276 memorat.
891 231 950 275 ct
985 230 1122 274 etiam
1154 228 1275 274 Oisia
1307 228 1399 274 273
1432 226 1554 288 quod
1569 227 2092 289 paramentum
2111 235 2329 276 m
2358 244 2546 279 m

427 317 469 362 E
489 317 752 362 narratione
783 315 970 363 κάκ’.
1003 330 1032 360 a
1064 314 1220 372 Scylla
1237 314 1287 359 in
1309 314 1530 359 Iunonem
1550 316 1780 360 commissi
1811 316 2133 363 obsum-'naim
2161 317 2243 363 iun
2274 316 2389 362 daos
2420 309 2547 368 loen·

235 406 285 448 in
318 405 510 448 transm
544 403 743 447 breuiter
775 405 971 447 “actare
1003 400 1153 445 liceat.
1224 428 1227 431 -
1486 404 1493 411 ‘

866 546 945 585 140
973 544 1143 583 Iunonis
1169 556 1337 595 magnae
1364 543 1501 596 (cuius
1521 545 1706 597 periuria
1737 545 1855 585 diuae

965 619 1058 658 olim
1085 632 1126 658 se
1151 618 1352 657 meminere
1379 618 1450 656 diu
1470 619 1643 670 periura
1667 619 1824 671 puellae

941 707 1052 753 wion
1071 693 1175 733 nulli
1202 693 1338 747 liceat)
1367 693 1591 734 uiohvuerat
1619 694 1746 734 inscia
1776 696 1916 737 sedern.

430 839 505 882 Sic
538 840 585 882 in
618 839 745 882 libris
780 838 911 882 bonis
945 837 1155 882 scribitur
1186 837 1260 881 hic
1292 838 1436 894 locus,
1459 851 1548 895 quo
1580 836 1806 881 difficilior
1825 838 1873 882 in
1902 839 1990 883 hoc
2012 841 2212 884 carmine
2244 854 2336 885 non
2369 842 2548 900 legitur,

236 939 265 968 a
297 924 421 968 nullo
456 923 564 968 dum
599 924 770 968 editore
803 925 919 969 bene
953 923 1216 968 emendatus
1251 927 1295 966 et
1328 927 1579 971 enarratas,
1648 922 1855 981 equidem
1889 925 2010 970 hanc
2040 925 2138 970 fere
2186 928 2455 972 sententiam
2497 929 2545 972 in

237 1009 500 1065 parenthesi
549 1009 629 1053 illa
678 1010 821 1053 latere
870 1010 1126 1053 dubitanter
1176 1010 1368 1052 conicio:
1442 1008 1620 1065 ‘poetae
1667 1022 1900 1053 musarum
1938 1011 2205 1068 interpretes
2245 1011 2302 1056 de
2349 1013 2549 1070 periurio

240 1107 329 1150 quo
353 1094 510 1150 Scylla
539 1096 760 1140 Iunonem
793 1095 981 1138 uiolauit
1014 1096 1093 1150 sic,
1127 1099 1190 1146 ut>
1208 1107 1329 1137 nunc
1363 1094 1640 1152 significabo,
1673 1098 1886 1151 narrant,
1920 1108 1975 1138 eo
2009 1097 2198 1140 consilio
2232 1102 2281 1141 ut
2311 1099 2487 1156 puellas
2520 1113 2548 1143 a

238 1180 485 1238 peierando
520 1181 813 1224 deterreant':
884 1193 1001 1237 quae
1034 1181 1188 1223 nescio
1223 1194 1280 1223 an
1318 1184 1453 1237 poeta
1484 1181 1547 1222 ita
1580 1181 1675 1223 fere
1710 1182 1959 1238 exprimere
1998 1181 2210 1225 uoluerit:

971 1333 1139 1372 Iunonie
1165 1345 1332 1384 maynae
1359 1333 1495 1386 (ouius
1515 1333 1704 1386 periuria
1731 1334 1848 1374 diuae

960 1409 1018 1448 sie
1044 1422 1181 1448 musae
1206 1408 1414 1448 meminere
1440 1413 1485 1447 ut
1504 1408 1721 1460 periurare
1742 1408 1902 1460 puellae

960 1497 1063 1523 nunc
1089 1482 1191 1523 nulli
1219 1482 1356 1536 libeat)
1384 1482 1609 1523 uiolauerat
1633 1484 1762 1523 inscia
1788 1485 1927 1525 sedem.

242 1640 297 1681 cf.
341 1639 477 1694 Verg.
524 1639 606 1681 ecl.
656 1638 703 1694 7,
745 1638 805 1682 19
847 1637 1037 1681 alternos
1077 1652 1229 1682 musae
1271 1636 1520 1681 meminisse
1559 1634 1761 1679 uolebant
1794 1645 1838 1680 et
1872 1637 2035 1682 Catulli
2070 1639 2154 1695 64,
2189 1639 2281 1683 143
2315 1635 2420 1683 Iam
2453 1640 2547 1684 iam

239 1722 365 1767 nulla
388 1722 488 1767 uiro
513 1721 691 1767 iuranti
711 1721 891 1782 femina
913 1721 1078 1769 credat.
1103 1748 1165 1755 —
1189 1724 1343 1780 Scylla
1364 1725 1512 1779 igitur,
1548 1727 1596 1766 ut
1628 1724 1805 1766 narrari
1828 1724 2003 1767 solebat
2037 1724 2192 1780 (140),
2228 1738 2328 1769 cum
2360 1727 2545 1771 Iunonis

240 1809 457 1866 templum
490 1811 710 1852 incertum
745 1823 835 1867 qua
867 1811 1042 1853 ratione
1078 1810 1290 1852 uiolasset
1328 1807 1453 1867 (141.
1490 1806 1625 1865 154)⁷
1670 1810 1767 1852 iure
1811 1808 2002 1852 iurando
2038 1809 2233 1867 quodam
2267 1811 2398 1867 (139.
2436 1813 2543 1856 140.

241 1895 349 1938 155.
393 1891 504 1953 156)
550 1919 611 1925 —-
658 1894 776 1951 quod
822 1899 972 1937 tamen
1013 1873 1256 1951 periurium
1296 1896 1378 1937 fuit
1417 1918 1478 1925 —-
1523 1910 1550 1938 a
1592 1894 1724 1951 culpa
1772 1897 2012 1939 commissa
2052 1909 2100 1940 se
2145 1896 2339 1940 liberare
2380 1898 2547 1941 frustra

241 1986 406 2024 conata
441 1986 520 2023 est.
589 1980 760 2036 Quibus
797 1980 923 2023 dictis
958 1982 1017 2022 ita
1053 1986 1185 2036 poeta
1225 1981 1390 2036 pergit:

578 2137 656 2175 156
683 2141 740 2173 set
768 2137 824 2183 (et
850 2136 961 2185 libri,
991 2139 1034 2172 at
1061 2135 1347 2184 Ribbeckius)
1375 2135 1412 2173 εἰ
1439 2135 1525 2185 quis
1552 2135 1727 2173 nocuisse
1756 2135 1823 2174 tibi
1845 2135 2031 2186 periuria
2058 2136 2205 2181 credat,

688 2224 808 2250 causa
831 2211 905 2262 pia
933 2217 1006 2250 est:
1065 2211 1196 2250 timuit
1211 2211 1348 2263 fratri
1376 2216 1409 2250 te
1437 2212 1634 2250 ostendere
1665 2211 1776 2250 Iuno.

430 2364 657 2405 Peierauit
706 2365 840 2419 igitur
897 2364 1063 2419 Scylla.
1133 2364 1211 2406 sed
1246 2366 1283 2407 si
1319 2367 1416 2421 quis
1455 2365 1585 2406 huius
1627 2366 1811 2420 periurii
1846 2378 1984 2407 causa
2018 2365 2313 2406 arbitraretur
2347 2366 2547 2421 Scyllam

237 2453 302 2493 ita
326 2452 529 2507 punitam
566 2462 664 2491 esse
690 2455 735 2491 ut
769 2464 795 2491 a
831 2449 1050 2506 Cupidine
1084 2450 1255 2491 Iunone
1289 2451 1529 2506 instigante
1564 2451 1725 2493 Minois
1761 2463 1915 2492 amore
1950 2450 2035 2492 sibi
2070 2456 2113 2492 et
2145 2453 2263 2506 patri
2297 2456 2340 2492 et
2373 2453 2546 2508 patriae

238 2536 491 2590 pernicioso
536 2536 905 2589 inflammaretur,
939 2536 977 2576 is
1013 2543 1205 2577 erraret:
1273 2537 1420 2591 potius
1466 2536 1575 2577 Iuno
1616 2535 1735 2592 quod
1781 2536 1961 2590 Scyllae
1995 2535 2282 2591 pulcritudini
2316 2536 2548 2578 inuidebat

238 2628 371 2679 atque
405 2623 635 2665 metuebat
668 2635 725 2664 ne
758 2622 957 2677 Iuppiter
991 2623 1086 2663 eius
1122 2633 1276 2663 amore
1312 2621 1623 2665 exardesceret
1656 2634 1738 2677 per
1771 2622 1987 2664 Amorem
2021 2621 2219 2677 puellam
2252 2621 2458 2677 perdidit.

430 2709 555 2751 Haec
594 2708 688 2750 fere
731 2706 879 2749 uerbis
928 2704 1076 2748 timuit
1118 2703 1261 2760 fratri
1309 2711 1348 2747 te
1397 2703 1618 2748 ostendere
1666 2700 1787 2747 Iuno
1835 2712 2017 2763 poetam
2065 2705 2214 2748 dicere
2255 2712 2424 2749 certum
2466 2712 2546 2750 est.

237 2808 343 2838 nam
404 2806 521 2850 quae
579 2791 854 2835 Ribbeckius
905 2792 1095 2834 coniecit
1151 2787 1295 2833 Causa
1335 2789 1482 2849 piast:
1548 2789 1696 2835 timuit
1735 2789 1888 2849 fratri
1923 2805 1966 2835 se
2014 2788 2256 2839 ostendere,
2310 2789 2418 2834 Iuno
2464 2806 2547 2849 ego

237 2880 432 2936 probare
466 2892 558 2921 non
592 2890 776 2934 possum
812 2890 913 2919 cum
958 2878 1179 2921 sententia
1224 2876 1357 2920 ualde
1408 2879 1524 2920 mira
1574 2882 1667 2921 tum
1719 2879 1935 2922 orationis
1985 2878 2131 2921 forma
2177 2891 2313 2936 quam
2354 2881 2548 2923 maxime

237 2968 449 3010 offensus.
521 2971 564 3008 et
603 2966 723 3008 enim
771 2978 871 3007 cum
923 2965 1064 3007 uerba
1110 2970 1252 3006 tecum
1287 2999 1297 3007 .
1334 2994 1345 3005 .
1383 2969 1430 3005 tu
1467 2996 1477 3006 .
1513 2995 1523 3004 .
1560 2961 1736 3006 haberes
1787 2961 1918 3023 (153)
1971 2962 2158 3023 infelix!
2199 2998 2209 3007 .
2246 2998 2255 3007 .
2294 2999 2303 3008 .
2343 2999 2351 3007 .
2385 2963 2549 3023 piasset

238 3054 388 3105 [155);
432 3049 509 3094 tibi
555 3048 683 3110 (156)
737 3052 835 3093 sine
886 3051 979 3093 ulla
1028 3050 1304 3094 dubitatione
1358 3049 1416 3092 ad
1456 3049 1656 3104 Scyllam
1706 3049 1945 3093 referenda
1984 3052 2092 3107 sint,
2142 3051 2252 3094 illud
2298 3064 2475 3108 quoque
2509 3057 2549 3095 te

238 3135 377 3189 (157)
417 3136 540 3179 omni
582 3135 668 3179 fide
710 3135 895 3192 dignum
937 3149 1035 3179 esse
1075 3135 1264 3179 uidetur.
1345 3133 1507 3178 deinde
1548 3148 1651 3177 cum
1691 3135 1737 3177 in
1777 3136 1948 3190 protasi
1998 3133 2038 3178 si
2075 3133 2172 3193 quis
2207 3169 2218 3179 .
2256 3170 2266 3179 .
2304 3170 2313 3180 .
2351 3169 2361 3178 .
2398 3134 2549 3180 credat

236 3222 436 3276 Scyllam
477 3226 611 3278 poeta
645 3220 915 3278 adloquatur
947 3244 1009 3251 —
1043 3236 1152 3264 num
1186 3220 1421 3277 probabile
1458 3224 1524 3263 est
1557 3220 1603 3262 in
1638 3221 1869 3264 enuntiato
1912 3234 1998 3278 quo
2036 3220 2246 3278 apodosis
2281 3223 2549 3266 breuissima

236 3320 371 3348 causa
381 3304 466 3364 pia
485 3311 544 3349 est
562 3306 808 3363 explicatur
825 3320 917 3350 non
935 3306 1133 3363 Scyllam
1158 3305 1236 3349 sed
1255 3306 1473 3350 Iunonem
1493 3319 1520 3349 a
1538 3310 1672 3363 poeta
1691 3306 1897 3349 uocatiue
1914 3308 2192 3351 nominatam
2211 3321 2325 3364 esse,
2349 3309 2549 3366 Scyllam
