2796 3432
1147 55 1273 60 ---
1342 26 1400 67 13
1467 57 1593 60 m—

225 168 410 199 uersum
454 153 535 209 64,
581 152 640 196 63
689 148 799 194 Non
827 149 957 209 flauo
1003 148 1195 193 retinens
1237 148 1432 193 subtilem
1470 150 1632 194 uertice
1671 150 1868 204 mitram,
1910 155 1983 209 qui
2018 155 2112 210 ipse
2148 167 2324 211 quoque
2357 160 2517 212 poetae

228 240 342 285 Ciris
365 242 410 282 in
435 238 672 282 scribendo
696 250 830 280 uersu
856 236 941 279 511
972 236 1235 278 obuersatus
1261 240 1346 278 est:
1398 245 1634 293 praeterea
1658 239 1776 296 quod
1811 244 1945 295 poeta
1980 238 2092 282 Ciris
2128 253 2261 283 uersu
2298 242 2387 283 511
2423 242 2518 283 imi-

225 330 343 368 tatus
394 330 460 368 est
510 324 673 368 Catulli
707 338 888 366 uersum
929 324 1002 377 64,
1051 322 1158 377 309,
1199 322 1301 364 inde
1336 337 1426 366 non
1462 326 1660 381 sequitur
1701 330 1748 367 ut
1780 325 1898 368 idem
1935 339 2089 368 uersus
2127 327 2391 369 catullianus
2425 341 2515 369 non

227 414 410 455 alterius
453 424 630 466 quoque
668 423 826 452 uersus
866 411 911 450 in
956 410 1106 464 aliqua
1147 422 1195 449 re
1244 403 1470 465 eicemplar
1512 411 1648 451 fuisse
1682 412 1886 466 potuerit.
1956 411 2107 466 ueluti,
2143 418 2189 453 ut
2236 414 2354 454 intra
2406 413 2515 454 fines

227 496 470 540 eorundem
508 509 718 539 uersuum
756 507 1099 548 commoremur,
1132 507 1291 536 uersus
1327 494 1488 537 Catulli
1525 495 1600 550 64,
1636 495 1695 537 63
1731 496 1787 537 ab
1824 502 2004 537 auctore
2040 496 2152 539 Ciris
2188 502 2231 538 et
2254 511 2387 538 uersu
2423 497 2516 539 170

227 586 270 625 et
305 593 438 625 uersu
475 582 563 625 511
607 592 841 637 expressus
883 586 961 623 est.

736 716 815 754 130
841 726 909 752 nec
925 715 1079 765 fuerat,
1108 714 1152 751 m'
1181 713 1317 764 Scylla
1344 726 1443 751 nouo
1472 718 1653 764 cor-repta
1670 714 1831 763 surore,

845 788 977 839 Scylla
1005 789 1136 839 patris
1163 789 1298 825 miseri
1321 788 1552 838 patriaeque
1583 787 1743 823 inuenta
1774 788 2005 840 sepulcrum,

841 876 862 900 o
889 863 1055 900 nimium
1084 863 1238 914 cupidis
1269 862 1409 899 Minoa
1436 863 1625 899 inhiasset
1651 862 1789 899 ocellis,

225 996 278 1035 cf.
335 994 497 1037 Catulli
549 996 629 1050 68,
674 996 748 1038 88.
793 996 852 1036 89
902 993 1110 1051 Coeperat
1151 993 1211 1035 ad
1247 1007 1331 1034 sese
1380 990 1513 1034 Troia
1558 992 1670 1034 ciere
1709 991 1844 1048 uiros,
1885 989 2020 1034 Troia
2069 992 2230 1050 (πρίω-1
2287 1010 2514 1036 commune

222 1079 472 1136 sepulcrum
518 1079 655 1122 Asiae
702 1078 1013 1137 Europaeque.
1083 1084 1125 1122 et
1165 1079 1362 1122 eiusdem
1417 1080 1497 1135 64,
1546 1080 1604 1122 86
1640 1079 1694 1120 de
1745 1078 1946 1121 Ariadna
1995 1079 2216 1121 Theseum
2258 1083 2514 1136 conspicata

224 1163 367 1209 Hunc
404 1164 538 1208 simul
573 1179 625 1207 ac
667 1164 827 1222 cupido
861 1165 1084 1222 conspexit
1125 1163 1290 1207 lumine
1323 1162 1474 1221 uiryo,
1511 1164 1585 1206 ubi
1609 1167 1844 1220 praeterea
1885 1163 2088 1205 adnotari
2123 1169 2267 1219 potest
2290 1166 2333 1205 in
2380 1178 2511 1207 uersu

223 1253 425 1309 proximo
462 1251 521 1295 85
557 1250 675 1308 apud
713 1250 937 1295 Catullum
970 1247 1131 1293 lllz‘noa
1165 1251 1268 1307 legi,
1304 1249 1421 1307 quod
1455 1251 1500 1292 in
1537 1250 1650 1292 Ciris
1674 1262 1807 1291 uersu
1833 1249 1921 1291 132
1955 1254 2088 1292 extat:
2156 1263 2260 1292 nam
2297 1256 2414 1291 recte
2451 1251 2512 1291 sic

225 1336 480 1380 emendauit
519 1337 851 1380 Lachmannus.

365 1437 372 1445 ·
414 1423 505 1465 133
549 1437 643 1478 sqq.
688 1424 826 1465 Sicuti
867 1423 953 1464 hoc
995 1423 1092 1465 loco
1137 1427 1284 1477 poeta,
1329 1430 1564 1477 postquam
1607 1422 1804 1475 Scyllam
1850 1423 1893 1462 in
1939 1422 2087 1463 Minoe
2134 1422 2285 1463 oculos
2326 1424 2509 1463 nimium

221 1510 400 1564 pauisse
428 1510 645 1562 narrauit,
671 1506 727 1549 ad
754 1506 983 1563 Cupidinis
1013 1509 1255 1564 potentiam
1287 1506 1625 1548 describendam
1661 1506 1860 1561 paullum
1897 1504 2158 1560 digreditur,
2194 1508 2255 1547 ita
2290 1507 2510 1548 simillime

223 1592 423 1637 Catullus
460 1594 533 1647 64,
571 1594 630 1636 95
666 1594 783 1648 fecit,
819 1606 918 1635 cum
955 1593 1156 1636 Ariadna
1196 1606 1281 1649 quo
1317 1591 1448 1634 modo
1486 1590 1644 1633 Thesei
1690 1603 1841 1632 amore
1877 1590 2187 1633 incenderetur
2222 1593 2510 1647 exposuisset.

735 1729 809 1766 137
839 1727 903 1764 ‘ille
930 1729 1047 1765 etiam
1075 1729 1187 1764 diuos
1214 1728 1385 1765 homines
1414 1751 1462 1754 —
1493 1728 1560 1763 sed
1588 1727 1713 1764 dicere
1739 1739 1920 1775 maymmz
1953 1731 2017 1765 est.

413 1856 688 1901 Crediderim
730 1859 815 1901 hoc
855 1872 988 1900 uersu
1029 1864 1203 1913 poetam
1247 1860 1509 1900 memoriam
1563 1871 1768 1900 seruasse
1817 1860 2018 1913 quamuis
2066 1863 2242 1900 tenuem
2284 1860 2508 1901 catulliani

219 1956 373 1984 uersus
418 1943 497 1995 68,
539 1943 629 1985 142
673 1942 797 1999 atqui
833 1957 909 1985 nec
948 1942 1065 1984 dinis
1107 1942 1300 1985 homines
1343 1941 1578 2000 componier
1619 1956 1806 2000 aequum
1848 1949 1906 1984 esc
1948 1947 2101 1999 (quem
2146 1957 2323 1986 uersum
2368 1947 2509 2000 magis

217 2030 451 2085 perspicue
496 2029 607 2072 Ciris
644 2034 800 2071 auctor
834 2032 1050 2084 expressit
1084 2032 1127 2072 in
1163 2044 1295 2072 uersu
1331 2030 1422 2072 329
1457 2043 1594 2086 neque
1628 2036 1685 2071 est
1725 2044 1824 2070 cum
1865 2028 1931 2071 dis
1971 2028 2227 2070 contendere
2269 2031 2511 2084 nostrum).-

217 2121 366 2157 tamen
400 2115 499 2158 loco
536 2114 698 2158 Catulli
732 2114 865 2156 ualde
901 2120 1107 2171 corrupto
1145 2121 1263 2157 certo
1302 2115 1355 2157 de
1391 2116 1476 2158 hac
1509 2129 1558 2157 re
1594 2115 1781 2158 iudicari
1815 2119 1980 2172 nequit.

411 2200 618 2243 Ceterum
653 2201 697 2241 in
735 2200 847 2242 Ciris
884 2214 1016 2242 uersu
1052 2214 1205 2242 omnes
1242 2200 1359 2255 quod
1396 2202 1529 2243 seiam
1564 2200 1754 2243 editores
1794 2203 2065 2243 recentiores
2108 2206 2206 2255 post
2241 2202 2506 2244 uocabulum

215 2283 340 2326 diuos
377 2282 469 2342 (ille
504 2282 634 2325 etiam
669 2281 816 2339 diuos,
850 2283 1045 2326 homines
1084 2310 1138 2314 -—
1175 2283 1249 2326 sed
1282 2283 1423 2326 <licere
1456 2299 1671 2342 mafflzum
1708 2282 1787 2334 est)
1827 2287 2073 2327 orationem
2123 2288 2509 2342 inter-punxerunt:

215 2384 302 2426 quo
322 2372 438 2413 facto
463 2375 641 2426 poetam
669 2376 848 2412 sumunt
872 2369 1033 2413 dixisse
1060 2371 1114 2413 ab
1142 2372 1304 2413 Amore
1327 2371 1457 2412 etiam
1488 2370 1639 2413 leones
1662 2371 1899 2427 tigresque,
1919 2371 2052 2413 etiam
2073 2369 2199 2413 diuos
2218 2370 2509 2427 hominesque

214 2458 344 2498 uinci.
415 2458 567 2498 hacin
605 2457 942 2498 enumeratione
979 2457 1090 2498 bene
1135 2456 1312 2512 quidem
1353 2457 1622 2511 intellegitur
1667 2471 1744 2498 cur
1791 2457 1960 2498 ferocia
1998 2457 2195 2498 ferarum
2239 2463 2281 2498 et
2324 2458 2506 2499 deorum

211 2542 423 2583 maiestas
474 2542 728 2583 nominetur
780 2557 804 2583 a
856 2546 990 2598 poeta
1028 2543 1271 2598 potentiam
1330 2543 1506 2584 Amoris
1567 2541 1861 2596 descripturo:
1930 2540 2007 2582 sed
2049 2554 2127 2582 cur
2166 2542 2369 2586 homines
2406 2557 2508 2598 quo-

211 2639 297 2682 que
322 2630 729 2668 commemorantur
752 2627 911 2682 quibus
937 2627 1199 2682 Cupidinem
1226 2629 1450 2683 imperare
1474 2641 1553 2682 per
1583 2639 1630 2668 se
1665 2627 1947 2668 manifestum
1986 2626 2079 2667 est‘?
2148 2625 2304 2669 ‘Amor
2338 2635 2506 2670 tantum

209 2713 332 2755 ualet
355 2718 402 2753 ut
426 2714 585 2754 etiam
622 2713 865 2754 homiues
901 2713 1113 2768 superet':
1171 2727 1275 2753 num
1312 2713 1398 2754 tale
1436 2712 1540 2768 quid
1577 2713 1780 2755 hocloco
1807 2718 1907 2768 apte
1933 2712 2020 2754 dici
2042 2714 2213 2768 potest?
2266 2714 2435 2755 accedit
2461 2722 2507 2755 ut

208 2797 319 2840 illud
355 2797 603 2852 asyndeton
642 2794 837 2856 (Amor)
883 2796 1014 2839 etiam
1056 2796 1193 2847 diuos,
1235 2797 1428 2841 homines
1466 2802 1500 2855 (.
1540 2833 1548 2841 .
1586 2832 1596 2841 .
1635 2833 1643 2841 .
1681 2796 1863 2857 docuit),
1903 2812 2002 2841 cum
2038 2801 2073 2842 si
2110 2801 2371 2842 senteutiam
2417 2806 2505 2841 tum

207 2884 246 2926 si
279 2884 470 2927 formam
502 2884 716 2926 orationis
751 2885 1033 2939 respicimus,
1073 2884 1259 2941 perinde
1294 2886 1491 2940 ineptum
1537 2886 1604 2927 sit.
1653 2910 1705 2914 —
1751 2885 1831 2928 His
1875 2884 2204 2928 difficultatibus
2251 2885 2392 2927 libera
2441 2889 2505 2926 est

208 2970 442 3025 explicatio
485 2982 615 3024 quam
655 2969 771 3011 bono
808 2968 975 3012 iudicio
1011 2984 1115 3012 usus
1151 2985 1264 3012 unus
1300 2984 1323 3012 e
1359 2969 1585 3012 sodalibus
1620 2972 1782 3013 nostris
1818 2971 2061 3027 proposuit.
2130 2970 2202 3025 qui
2246 2969 2387 3012 deleta
2430 2970 2504 3012 illa

205 3055 562 3109 interpunctione
613 3056 761 3097 locum
812 3055 898 3097 hac
932 3057 1105 3097 ratione
1140 3057 1411 3097 intellectum
1463 3057 1620 3097 uoluit:
1688 3055 1757 3096 ille
1782 3056 1911 3097 etiam
1954 3054 2078 3096 diuos
2112 3055 2305 3096 homines
2352 3071 2504 3098 amare

207 3138 376 3181 docuit:
444 3140 486 3182 h.
523 3153 561 3181 e.
615 3140 704 3180 ‘ille
741 3141 874 3181 etiam
912 3141 1018 3183 deos
1060 3142 1219 3196 inpulit
1253 3145 1300 3181 ut
1334 3142 1561 3183 amoribus
1606 3143 1813 3182 humanis
1850 3154 1896 3182 se
1938 3140 2151 3182 dederent
2185 3164 2243 3170 —-
2280 3142 2358 3182 sed
2395 3143 2506 3183 haec

205 3222 327 3265 furta
362 3222 547 3266 deorum
583 3237 797 3266 enarrare
831 3225 1016 3281 longum
1052 3225 1143 3268 est'.

394 3308 518 3351 Haec
553 3309 785 3366 explicatio
823 3309 1017 3366 quodam
1058 3310 1192 3353 modo
1234 3310 1411 3353 defendi
1447 3315 1591 3367 potest
1630 3311 1728 3353 loco
1765 3311 2003 3353 catulliano
2053 3323 2184 3366 quem
2235 3311 2383 3365 attuli,
2430 3310 2503 3352 ubi

2228 3393 2248 3423 4
