2796 3432
1172 18 1620 60 *11*

249 142 464 200 Neptuno
486 154 641 186 caram
661 143 900 186 nominari.
968 141 1141 185 accedit
1172 141 1292 199 quod
1325 144 1372 185 in
1408 144 1535 186 bonis
1568 143 1693 186 libris
1726 156 1817 186 non
1850 142 1961 185 illud
1984 143 2041 186 ab
2076 142 2283 187 omnibus
2314 146 2546 200 receptum

252 239 387 292 carae
418 229 654 286 reperitur,
686 225 766 271 sed
799 229 945 284 potius
978 234 1109 277 carte,
1144 227 1263 272 unde
1297 229 1526 273 lenissima
1558 230 1805 273 mutatione
1838 228 2161 272 restituendum
2194 232 2282 272 est:

899 341 1118 393 omimium
1144 349 1312 383 castae
1338 344 1565 384 uiolauerat
1593 344 1864 396 Amphitrites.

821 503 870 544 78
898 509 934 543 et
959 503 1163 556 cupidos
1188 509 1350 554 quaest-u
1375 505 1526 555 passim
1547 502 1762 555 popularet
1787 508 2017 544 amantes.

253 612 312 654 cf.
349 610 512 654 Catulli
547 611 623 669 70,
658 612 685 654 3
720 611 1093 671 cupido—amanti.

819 781 869 820 81
898 781 971 819 heu
999 780 1172 830 quotiens
1198 781 1342 818 mirata
1370 792 1493 820 nouos
1521 779 1713 831 escpalluit
1739 786 1866 821 artus.

252 900 313 943 cf.
355 898 518 944 Catulli
559 899 635 956 64,
675 899 769 944 100
809 914 943 958 quam
982 905 1078 943 tum
1117 898 1364 959 (Faernusz
1421 907 1582 958 quanto
1624 900 1747 954 libri)
1781 915 1906 959 saepe
1943 899 2086 959 vnayis
2127 899 2304 958 fulyore
2337 899 2552 958 eoepalluit

257 984 375 1030 auri.
444 985 697 1030 emendatio
731 987 897 1029 Faerni
928 986 1028 1030 loco
1068 986 1183 1030 Giris
1223 987 1338 1030 bene
1378 987 1611 1029 stabilitur.

451 1074 621 1117 Versus
671 1073 747 1130 qui
795 1072 915 1115 hunc
963 1085 1146 1117 uersum
1195 1074 1397 1131 proxime
1448 1071 1715 1116 antecedunt
1770 1072 2025 1116 difficultate
2076 1071 2271 1129 quadam
2323 1072 2546 1127 laborant,

256 1175 393 1218 quam
427 1162 503 1204 alii
536 1161 663 1203 aliter
695 1172 930 1203 remouere
963 1159 1241 1214 studuerunt,
1274 1159 1495 1215 Hauptius
1518 1172 1627 1202 uero
1657 1156 1915 1215 Ladewigio
1947 1164 1989 1201 et
2018 1157 2265 1202 Ribbeckio
2304 1157 2553 1202 adsentien-

255 1246 373 1291 tibus
411 1247 476 1289 ita
516 1250 564 1288 ut
602 1257 783 1289 uersum
824 1244 887 1289 80
931 1248 1033 1288 ante
1078 1244 1136 1289 79
1178 1245 1446 1289 conlocaret.
1513 1243 1592 1287 sed
1633 1247 1680 1286 ut
1722 1248 1896 1288 taceam
1930 1245 2312 1287 transmutationis
2357 1244 2459 1286 talis
2505 1246 2552 1287 in

256 1333 345 1376 hoc
397 1332 496 1375 loco
558 1345 764 1375 caussam
817 1331 987 1375 nullam
1042 1333 1232 1388 reperiri
1289 1345 1421 1389 posse
1441 1366 1454 1388 ,
1513 1333 1559 1375 in
1617 1333 1717 1388 ipsa
1772 1333 1992 1388 scriptura
2042 1331 2224 1388 Hauptii
2281 1343 2373 1373 non
2429 1329 2554 1372 nulla

258 1417 500 1460 offendunt.
563 1417 797 1473 displicent
850 1430 1007 1460 uersus
1058 1417 1121 1460 80
1161 1423 1205 1459 et
1249 1417 1307 1460 79
1349 1418 1511 1460 uocula
1556 1424 1595 1459 et
1634 1419 1750 1459 inter
1783 1431 1831 1459 se
1866 1418 2112 1472 coniuncti,
2158 1416 2337 1472 quando
2374 1415 2554 1471 quidem

258 1514 392 1544 uersu
419 1501 476 1544 79
505 1515 597 1545 non
621 1504 729 1545 noui
757 1501 923 1559 aliquid
947 1501 1319 1558 praecedentibus
1348 1502 1539 1558 additur,
1566 1502 1646 1546 sed
1670 1516 1723 1545 eo
1748 1516 1903 1545 uersus
1924 1502 1983 1545 80
2010 1503 2259 1545 accuratius
2288 1503 2554 1559 explicatur,

259 1587 463 1645 displicet
500 1587 769 1630 uocabulum
806 1593 980 1645 repente
1013 1591 1135 1632 omni
1176 1592 1221 1632 uj
1261 1589 1538 1645 destitutum,
1578 1590 1616 1631 si
1655 1588 1764 1630 illud
1812 1587 1979 1630 uallata
2021 1595 2236 1645 repentest
2279 1595 2380 1644 post
2412 1590 2554 1632 uerba

257 1668 484 1713 horribiles
517 1668 686 1714 circum
718 1670 834 1715 uidit
864 1686 907 1716 se
938 1671 1085 1717 sistere
1108 1672 1287 1731 formas
1320 1675 1500 1730 legitur:
1535 1679 1771 1731 praeterea
1803 1675 1911 1716 satis
1944 1675 2213 1716 inconcinne
2248 1675 2361 1716 alter
2393 1686 2551 1717 uersus

261 1757 401 1801 uerbo
459 1752 648 1814 (Scylla)
704 1755 872 1799 uallata
918 1763 998 1807 est,
1052 1760 1165 1802 alter
1208 1760 1348 1802 uerbo
1400 1755 1590 1817 (Scylla)
1633 1756 1803 1800 circum
1848 1757 1993 1800 sistere
2030 1757 2175 1801 uidit
2213 1760 2361 1801 utitur.
2401 1760 2553 1815 itaque

254 1843 416 1889 ordine
455 1857 587 1901 quem
623 1843 726 1888 libri
758 1844 978 1901 praebent
1027 1859 1237 1890 uersuum
1287 1848 1464 1889 seruato
1507 1846 1700 1902 primum
1741 1846 1875 1890 Italos
1915 1851 2034 1890 recte
2080 1846 2301 1889 delenisse
2345 1847 2554 1890 uoculam

260 1935 320 1971 est
358 1931 404 1972 in
443 1942 578 1972 uersu
624 1930 697 1986 79,
738 1929 898 1973 deinde
939 1932 1048 1973 illud
1088 1937 1127 1973 et
1167 1927 1378 1988 (piscibus
1425 1937 1463 1973 et
1506 1929 1790 1991 canibusque)
1832 1934 1876 1975 in
1921 1934 2275 1976 interiectionem
2325 1932 2408 1977 heu
2458 1947 2557 1977 esse

258 2014 523 2057 mutandum
599 2016 809 2059 arbitror:
894 2019 1017 2060 cuius
1085 2018 1402 2060 interiectionis
1473 2020 1600 2074 quasi
1664 2033 1850 2062 caussae
1913 2021 1958 2061 in
2022 2022 2224 2076 sequenti
2294 2023 2555 2076 parenthesi

258 2101 557 2157 explanantur
568 2115 578 2143 :

906 2198 975 2223 seu
1002 2198 1107 2231 uero,
1135 2190 1179 2223 ut
1201 2185 1415 2236 perhibent,
1434 2186 1576 2236 forma
1604 2199 1690 2224 cum
1717 2188 1889 2225 uinceret
1915 2189 2040 2226 omnis

903 2265 938 2298 et
965 2260 1127 2311 cupidos
1154 2265 1316 2309 quaestu
1336 2262 1492 2312 passi-m
1512 2261 1727 2312 popularet
1753 2268 1941 2310 amantes,

897 2334 1076 2386 piscibus
1102 2335 1176 2373 heu
1202 2336 1436 2386 canibusque
1461 2335 1580 2374 malis
1606 2336 1758 2377 uallata
1789 2343 1943 2389 repente

824 2409 878 2449 80
904 2407 1110 2449 horribiles
1137 2409 1288 2449 circum
1320 2410 1422 2450 uidit
1447 2425 1487 2451 se
1512 2411 1647 2451 sistere
1672 2412 1823 2457 formas

906 2482 1004 2535 (heu
1031 2485 1206 2534 quotiens
1232 2485 1381 2524 mirata
1407 2498 1529 2524 nouos
1555 2486 1745 2538 expalluit
1777 2489 1913 2525 artus!

904 2557 994 2609 ipsa
1020 2572 1112 2597 suos
1139 2560 1311 2609 quotiens
1338 2560 1412 2600 heu
1436 2560 1639 2612 pertimuit
1664 2561 1857 2600 latratus!
1858 2564 1893 2612 )‚
1924 2594 1933 2604 .
1963 2595 1973 2604 .
2004 2595 2013 2605 .

827 2738 878 2776 83
908 2750 1029 2777 ausa
1056 2739 1159 2787 quod
1185 2743 1241 2776 est
1272 2738 1413 2777 mulier
1439 2752 1584 2778 numen
1599 2741 1803 2790 fraudare
1830 2742 1992 2779 deorum

908 2817 944 2850 et
970 2813 1114 2850 dictam
1153 2812 1299 2853 Veneri
1320 2819 1503 2852 uotorum
1529 2827 1590 2852 au
1599 2828 1617 2853 e
1625 2830 1648 2853 r
1657 2820 1696 2853 te
1704 2830 1727 2852 r
1736 2829 1754 2853 e
1784 2829 1811 2867 p
1820 2830 1840 2854 o
1850 2830 1868 2854 e
1877 2830 1904 2854 n
1915 2830 1939 2853 a
1947 2831 1996 2856 m.

258 2920 320 2961 cf.
361 2919 523 2963 Catulli
563 2921 638 2977 64,
680 2922 707 2963 5
742 2920 973 2963 Auratam
1013 2929 1209 2980 optantes
1247 2920 1413 2965 Colchis
1451 2929 1649 2966 auertere
1684 2923 1845 2981 pellem
1880 2924 2000 2968 Ausi
2036 2932 2138 2968 sunt
2172 2925 2292 2970 uada
2325 2927 2439 2971 salsa
2475 2929 2561 2973 cita

267 3002 502 3049 decurrere
530 3005 691 3065 puppi.
728 3006 792 3064 (?)

828 3122 881 3160 90
910 3119 1175 3172 Mnemosyne,
1199 3123 1330 3174 potius
1358 3122 1472 3161 liceat
1496 3128 1684 3162 notescere
1716 3125 1833 3170 cirin,

911 3200 1024 3245 atque
1051 3210 1174 3236 unam
1200 3209 1250 3236 ex
1276 3197 1414 3236 multis
1443 3197 1614 3249 Scyllam
1641 3212 1720 3237 non
1747 3212 1826 3238 esse
1847 3198 2005 3251 puellis.

260 3302 323 3346 cf.
360 3300 522 3347 Catulli
557 3302 640 3361 68,
673 3302 734 3347 47
768 3299 859 3347 Sed
889 3301 1034 3348 dicam
1072 3303 1191 3349 uobis
1230 3304 1436 3364 (musis),
1485 3320 1561 3350 uos
1593 3321 1736 3366 porro
1778 3306 1904 3351 dicite
1944 3308 2094 3353 multis
2128 3307 2312 3354 Milibus
2356 3318 2394 3355 et
2422 3311 2563 3371 facite
