2796 3432
1158 17 1577 59 -6—..—.

215 146 355 199 atque
386 142 525 199 plane
558 141 719 184 eadem
755 140 984 184 additione
1016 142 1295 199 pronominis
1330 141 1673 185 demonstr-atini
1697 148 1880 200 praeter
1899 144 2021 187 hunc
2042 144 2191 189 locum
2211 145 2261 187 in
2282 143 2370 187 illis
2403 154 2517 200 quos

216 226 355 268 citaui
379 226 584 269 uersibus
602 231 761 284 quater
781 228 980 271 inuersio
1003 227 1282 285 pronominis
1306 226 1485 269 relatiui
1513 227 1695 271 insolita
1723 225 1802 283 (cf.
1832 228 1909 272 58.
1935 228 2041 272 268.
2067 228 2174 273 394.
2201 206 2317 286 238)
2340 229 2517 273 facilior

217 309 433 354 redditur.
501 312 661 356 similis
696 313 916 356 cantionis
949 312 1061 356 nihil
1094 316 1248 357 nostro
1280 311 1381 356 loco
1416 313 1711 370 conspicitur,
1759 315 1897 358 immo
1947 314 2122 359 accedit
2152 314 2211 359 ad
2250 315 2518 371 scripturam

215 395 388 439 Puetzii
420 399 603 440 omnino
637 397 932 440 refellendam
967 398 1094 441 elisio
1128 398 1215 440 hac
1236 399 1282 440 in
1307 397 1617 440 conlocatione
1647 399 1927 454 pronominis
1954 400 2282 443 molestissima.
2349 400 2397 443 in
2428 400 2517 443 illis

216 479 456 530 duodecim
496 482 710 540 exemplis
755 483 1034 540 pronominis
1075 483 1242 526 iuuersi
1286 496 1403 540 quae
1442 484 1569 527 attuli
1607 484 1676 547 bis
1726 496 1976 541 pronomen
2017 484 2203 529 elisione
2242 487 2516 528 attenuatur:

216 566 408 610 alterum
450 567 703 624 exemplum
745 567 882 619 (521)
926 567 1078 612 omnia
1117 567 1197 625 qui
1234 566 1421 626 imperio
1460 569 1675 613 facilitate
1707 582 1790 625 per
1827 582 1877 613 se
1916 570 2116 613 maxima
2155 568 2514 614 commendatum

214 664 348 695 nemo
384 665 486 695 cum
520 657 673 695 nostro
709 654 922 710 conferet,
958 654 1147 697 alterum
1172 655 1297 697 libris
1322 656 1515 711 antiquis
1536 668 1630 697 non
1652 653 1864 697 traditum
1889 652 1968 696 sed
2005 655 2262 697 coniectura
2306 655 2513 697 effectum

216 737 322 789 (15)
363 733 587 789 Quattuor
624 736 820 794 antiquis
858 752 970 795 quae
1009 740 1106 793 (om
1147 740 1271 791 libri)
1313 738 1540 782 heredibus
1578 744 1638 781 est
1686 737 1791 780 data
1831 751 2007 781 consors
2049 741 2087 782 si
2127 744 2248 782 recte
2291 740 2512 795 scribitur,

214 822 356 863 multo
378 822 524 865 lenius
549 828 616 865 est
638 837 771 879 quam
797 824 874 866 illa
900 836 1057 866 uersus
1081 825 1192 865 sexti
1215 826 1437 880 scriptura
1460 839 1488 867 a
1509 825 1638 867 nobis
1660 827 1706 867 in
1730 824 2053 866 dubitationem
2082 830 2245 867 uocata
2277 838 2424 881 neque
2457 823 2516 866 ad

216 907 334 951 hanc
368 908 581 951 tuendam
617 909 791 952 sufficit.

404 994 523 1037 Num
543 1008 654 1038 uero
674 1009 786 1051 opus
810 1001 876 1038 est
893 996 969 1037 illo
988 997 1285 1052 pronomine?
1326 996 1532 1053 equidem
1560 999 1841 1053 negauerim:
1883 1008 2061 1038 uersum
2093 1001 2266 1040 sextum
2290 997 2515 1052 integrum

213 1078 343 1121 nobis
369 1078 579 1122 traditum
604 1093 702 1122 esse
727 1081 931 1123 arbitror.
1002 1094 1158 1123 uersus
1194 1083 1313 1124 enim
1338 1083 1478 1137 6—9,
1512 1082 1557 1124 id
1581 1082 1699 1138 quod
1723 1083 1815 1124 iam
1847 1081 2048 1136 Scaliger
2070 1081 2196 1135 uidit,
2230 1082 2513 1138 parenthesis

214 1165 390 1207 circulis
415 1178 469 1207 ex
503 1168 718 1208 orationis
753 1171 961 1208 contextu
995 1165 1262 1208 excludendi
1296 1173 1412 1220 sunt,
1446 1167 1581 1222 plane
1607 1166 1765 1208 eodem
1788 1165 1921 1208 modo
1941 1179 2029 1221 quo
2057 1167 2105 1207 in
2127 1166 2228 1209 loco
2258 1166 2514 1221 catulliano,

214 1251 290 1306 qui
313 1251 400 1293 hoc
422 1251 547 1294 initio
571 1252 785 1295 carminis
808 1256 970 1308 poetae
994 1253 1259 1296 obuersatus
1284 1258 1365 1307 est,
1401 1265 1556 1294 uersus
1590 1252 1621 1294 4
1657 1257 1700 1294 et
1722 1255 1958 1308 sequentes
1980 1250 2270 1308 parenthesin
2295 1250 2514 1294 efficiunt:

698 1383 723 1421 5
758 1394 837 1421 nec
870 1394 967 1421 mea
1001 1378 1095 1436 quit
1128 1378 1243 1421 ratio
1277 1378 1466 1436 diqnum
1500 1378 1583 1421 sibi
1613 1392 1821 1436 quaerere
1854 1391 2034 1421 carmen

764 1459 913 1522 (lonye
945 1462 1073 1507 aliud
1102 1462 1300 1506 studium
1332 1470 1461 1522 atque
1493 1462 1600 1507 alios
1633 1462 1827 1506 accincta
1860 1462 2024 1506 labores

760 1549 892 1593 altius
925 1548 986 1592 ad
1016 1548 1176 1608 maqni
1205 1547 1401 1607 suspexit
1432 1547 1579 1592 sidera
1618 1547 1781 1592 mundi

760 1642 799 1678 et
824 1634 1045 1694 placitum
1070 1633 1230 1693 paucis
1263 1649 1373 1677 ausa
1407 1640 1466 1678 est
1499 1633 1731 1678 ascendere
1771 1631 1968 1694 collem).-

758 1736 850 1765 non
884 1727 1031 1764 tamen
1066 1720 1271 1764 absistam
1306 1727 1503 1779 coeptum
1537 1719 1733 1764 detexere
1765 1735 1943 1765 munus.

403 1850 502 1892 Hac
546 1851 591 1892 in
638 1862 685 1891 re
731 1853 779 1891 ut
823 1849 1047 1894 Catullum
1089 1848 1145 1891 ad
1194 1847 1307 1892 Ciris
1347 1848 1494 1890 locum
1542 1845 1874 1889 emendandum
1913 1848 2204 1903 respeximuS,
2251 1845 2355 1890 item
2402 1847 2514 1891 Ciris

212 1934 337 1977 locus
371 1934 417 1977 in
452 1935 597 1977 uicem
634 1934 747 1978 bene
784 1933 988 1977 adhiberi
1021 1937 1167 1990 potest
1200 1938 1247 1976 ut
1291 1932 1501 1976 iudicium
1547 1936 1749 1976 nostrum
1785 1931 1839 1975 de
1872 1932 1998 1974 initio
2031 1932 2240 1975 carminis
2287 1932 2516 1976 catulliani

218 2019 344 2064 LXV
365 2020 665 2064 confirmetur.
703 2024 745 2063 et
764 2021 883 2064 enim
902 2021 1031 2064 sicuti
1054 2021 1098 2064 in
1126 2019 1217 2064 Ciri
1240 2019 1443 2063 uidemus
1461 2019 1654 2074 primum
1674 2018 1868 2074 quinque
1889 2031 2098 2062 uersuum
2116 2018 2317 2073 protasin
2335 2018 2398 2061 illi
2416 2014 2521 2061 Etsi

211 2104 458 2161 adnexam,
511 2105 672 2148 deinde
708 2107 833 2161 sequi
872 2108 1006 2148 trium
1050 2119 1259 2148 uersuum
1308 2106 1615 2162 parenthesin,
1659 2104 1849 2160 denique
1895 2119 1922 2146 a
1966 2117 2099 2146 uersu
2139 2117 2258 2146 nono
2296 2102 2515 2158 apodosin

208 2194 431 2248 incipere,
478 2193 539 2233 ita
579 2193 673 2233 fere
713 2193 865 2234 omnia
905 2193 950 2234 in
993 2191 1168 2234 Catullo
1203 2205 1250 2233 se
1286 2191 1474 2246 habent,
1516 2191 1620 2233 dum
1661 2190 1796 2233 modo
1841 2203 1995 2233 uersus
2029 2189 2189 2232 9-—14
2223 2203 2278 2233 ex
2312 2191 2512 2232 carmine

210 2277 334 2320 LXV
369 2278 648 2332 eiecerimus,
684 2277 804 2333 quod
838 2277 1141 2320 Rossbachius
1173 2278 1367 2321 Haasius
1403 2291 1485 2334 ego
1522 2278 1597 2320 alii
1621 2278 1756 2334 plane
1779 2278 1878 2320 aliis
1902 2278 2071 2320 caussis
2096 2276 2205 2318 moti
2228 2277 2318 2318 iam
2345 2273 2512 2316 dudum

209 2363 550 2420 postulauimus.

726 2447 752 2491 3
789 2444 1012 2504 cecropius
1045 2444 1231 2490 suauis
1272 2445 1537 2504 expirans
1577 2445 1831 2491 hortulus
1864 2463 2003 2491 auras

774 2531 981 2591 florentis
1014 2530 1160 2575 uiridi
1191 2530 1370 2589 sophiae
1403 2531 1686 2589 conplectitur
1719 2532 1893 2575 umbra.

402 2662 547 2705 Locus
592 2666 707 2705 totus
749 2675 802 2705 ex
844 2660 1007 2706 Catulli
1055 2665 1098 2704 et
1142 2660 1331 2717 Vergilii
1370 2661 1572 2705 uersibus
1624 2661 1840 2705 conflatus
1882 2663 1967 2704 est:
2037 2660 2092 2703 cf.
2129 2658 2291 2703 Catulli
2327 2659 2408 2715 64,
2453 2657 2511 2702 87

208 2746 360 2790 suauis
394 2745 608 2806 eoepirans
642 2752 785 2790 castus
819 2744 970 2790 odores
995 2743 1205 2790 Lectulus
1238 2745 1288 2789 in
1309 2744 1432 2789 molli
1453 2744 1669 2803 conplexu
1699 2743 1857 2789 matris
1888 2743 2025 2788 alebat
2047 2748 2091 2788 et
2113 2744 2296 2802 Vergilii
2323 2747 2435 2790 Aen.
2463 2745 2515 2799 1,

210 2833 301 2877 693
326 2848 563 2876 amaracus
586 2832 712 2875 illum
731 2830 782 2874 F
776 2831 938 2875 loribus
956 2837 995 2873 et
1011 2830 1135 2874 dulci
1155 2831 1393 2889 adspirans
1412 2829 1696 2888 conplectitur
1715 2830 1887 2879 umbra,
1908 2832 1991 2874 ecl.
2019 2831 2063 2887 9,
2085 2831 2145 2873 20
2169 2829 2313 2873 uiridi
2339 2831 2511 2874 umbra.

207 2924 447 2976 praeterea
489 2917 822 2961 obseruandum
865 2924 931 2960 est
971 2917 1296 2960 deminutiuum
1338 2915 1538 2960 hortulus
1573 2916 1629 2959 ad
1676 2916 2010 2959 similitudinem
2058 2917 2286 2959 catulliani
2335 2914 2515 2958 lectulus

207 3005 449 3047 formatum
485 3016 582 3046 esse
626 3017 654 3045 a
697 3007 832 3060 poeta
866 3001 999 3045 Ciris:
1057 3015 1190 3059 quem
1226 3003 1358 3046 etiam
1395 3002 1772 3045 deminutiuorum
1804 3015 1910 3045 usus
1945 3006 2014 3045 sat
2043 3002 2252 3059 frequens
2283 3002 2515 3060 exemplar

209 3087 371 3132 Catulli
393 3090 782 3145 antiquiorumque
800 3093 1037 3146 poetarum
1057 3087 1069 3114 ¹
1088 3085 1130 3140 ¹)
1150 3092 1349 3129 secutum
1369 3101 1466 3130 esse
1484 3088 1659 3144 probat.
1696 3087 1815 3129 idem
1832 3087 1942 3129 illud
1961 3086 2154 3145 lectulus,
2173 3089 2292 3146 quod
2312 3089 2513 3133 Catullus

400 3311 470 3359 11)
501 3311 549 3350 cf.
580 3310 625 3350 L.
647 3310 835 3350 Muelleri
856 3310 907 3350 de
938 3323 981 3350 re
1003 3316 1122 3351 metr.
1143 3323 1180 3362 p.
1212 3311 1275 3351 36.
1298 3311 1554 3350 deminutiua
1573 3312 1799 3351 catulliana
1818 3311 1864 3350 F.
1894 3311 2106 3351 Heussner
2141 3312 2303 3352 obseru.
2338 3323 2510 3363 gramm.
