2796 3432
1136 30 1586 72 —10—

200 157 283 206 toti
315 168 473 199 uersus
508 154 695 210 Vergilii
728 159 853 198 sunt:
921 155 1014 200 398
1052 151 1172 198 ῶνα
1203 150 1330 197 Iouis
1360 152 1537 204 suboles,
1563 169 1783 213 mayuum
1816 154 1942 201 Iouis
1981 155 2305 204 ¹³12chan
2336 160 2419 216 (=
2455 161 2513 203 cf.

207 241 290 285 ecl.
325 241 372 297 4,
405 240 508 297 49),
541 240 639 284 474
669 235 922 283 Nereidum
953 238 1095 283 matri
1125 245 1165 283 et
1196 236 1408 299 Neptuno
1441 253 1599 298 aeyaeo
1639 249 1722 295 t:
1764 244 1878 287 Aen.
1919 244 1964 301 3,
2001 243 2099 296 74).

398 326 554 383 Longe
595 326 777 383 plurimi
813 327 861 369 in
908 324 1002 371 Ciri
1040 325 1272 382 spondiaci
1316 339 1472 371 uersus
1506 334 1550 371 et
1585 328 1816 372 uocabulis
1863 329 2170 386 tetrasyllabis
2204 334 2248 372 et
2280 330 2513 373 uocabulis

206 426 260 455 ex
282 425 446 468 graeco
470 413 617 469 petitis
640 413 959 456 terminantur:
1026 412 1073 455 in
1096 411 1166 455 his
1189 425 1367 468 quoque
1390 412 1524 456 rebus
1548 412 1663 458 Ciris
1688 415 1878 470 scriptor
1915 415 2117 458 rationes
2142 414 2305 459 Catulli
2338 420 2382 458 et
2404 415 2515 458 Ver-

211 498 305 554 gilii
336 501 515 542 secutus
540 500 627 541 est:
695 495 831 554 quid?
866 496 983 554 quod
1017 496 1106 541 illis
1135 498 1279 554 poetis
1312 495 1536 541 interdum
1569 498 1722 555 paullo
1757 499 1893 543 etiam
1926 501 2130 544 seuerior
2161 500 2261 544 fuit:
2327 514 2434 544 nam
2466 501 2513 544 in

207 582 461 626 catullianis
503 580 759 639 spondiacis
793 583 888 626 fere
932 587 1114 639 quarta,
1154 582 1201 626 in
1241 582 1500 638 uergilianis
1540 581 1726 627 dimidia
1762 583 1859 626 fere
1897 597 2027 641 pars,
2070 584 2150 628 sed
2182 586 2228 629 in
2265 584 2356 630 Ciri
2395 582 2513 628 duae

204 674 354 725 partes
412 668 570 711 tertiae
625 667 860 711 uocabulis
917 680 1110 724 graecae
1167 667 1351 723 originis
1408 672 1583 710 exeunt.
1659 666 1821 711 deinde
1881 669 1929 711 in
1986 667 2262 713 admittenda
2313 669 2515 713 clausula

202 754 438 810 trisyllaba
493 754 772 796 inusitatiore
831 757 986 797 auctor
1042 753 1157 798 Ciris
1220 754 1441 796 artissime
1484 752 1542 795 ad
1580 752 1771 810 Vergilii
1814 766 1944 796 usum
1992 766 2041 796 se
2084 753 2340 811 adplicauit.
2406 767 2515 796 nam

204 852 258 882 ex
299 840 496 896 quinque
537 840 751 896 exemplis
794 843 1005 897 quattuor
1048 835 1227 898 (electro
1273 836 1498 881 narcissus
1549 835 1728 881 desertis
1768 835 1949 897 aeqaeo)
1995 852 2022 882 a
2061 839 2260 895 Vergilio
2306 842 2514 897 sumpsit:

204 929 343 967 restat
382 939 521 968 unum
565 925 624 968 82
663 923 763 982 ipsa
801 938 901 967 suos
940 921 1136 981 quotiens
1175 923 1260 966 heu
1289 921 1523 981 pertimuit
1555 921 1756 971 latratus,
1796 924 1924 981 quod
1965 923 2086 967 haud
2120 924 2240 967 male
2281 931 2416 981 poeta
2455 923 2516 967 ad

204 1009 297 1052 uim
347 1011 595 1054 sententiae
646 1008 901 1066 augendam
951 1008 1155 1053 adhibuit
1193 1006 1271 1066 (cf.
1320 1021 1475 1052 uersus
1517 1006 1753 1051 ouidianus
1803 1014 1909 1054 met.
1961 1009 2005 1065 1,
2042 1007 2137 1053 734
2175 1005 2241 1051 Et
2269 1006 2437 1066 yemitu
2475 1013 2517 1052 et

205 1092 405 1139 lacrimis
437 1101 477 1138 et
509 1092 720 1139 luctisono
753 1092 969 1153 muyitu).

401 1180 514 1223 Cum
555 1183 690 1238 igitur
735 1186 963 1223 auctorem
1011 1180 1124 1223 Ciris
1166 1181 1454 1237 perspicuum
1494 1179 1550 1221 sit
1589 1179 1722 1223 ualde
1764 1182 1989 1223 curiosum
2028 1181 2169 1223 fuisse
2202 1183 2247 1223 in
2282 1182 2518 1238 trisyllaba

207 1268 412 1311 clausula
448 1265 739 1321 admittenda,
773 1280 881 1309 num
913 1265 1161 1323 probabilis
1196 1264 1324 1310 nobis
1359 1263 1582 1307 uidebitur
1617 1263 1730 1308 haec
1764 1267 2035 1321 coniectura,
2067 1279 2203 1322 quam
2238 1266 2514 1311 Ribbeckius

206 1357 252 1397 in
285 1367 399 1396 mus.
436 1354 565 1396 rhen.
601 1353 747 1396 XVIII
784 1349 956 1409 (1863)
993 1353 1083 1394 116
1124 1352 1372 1409 proposuit,

697 1490 774 1527 149
802 1501 890 1526 cum
918 1486 1033 1538 lapsa
1060 1499 1080 1525 e
1106 1485 1288 1524 manibus
1304 1486 1415 1537 J‘uyit
1436 1486 1545 1537 pila:
1601 1500 1759 1536 eamque
1785 1486 1920 1538 elapsa
1948 1492 2016 1539 est,

210 1622 434 1666 quamque
483 1610 529 1650 in
576 1613 765 1663 utraque
810 1621 892 1650 sua
939 1606 1132 1649 editione
1170 1608 1289 1649 inter
1330 1607 1469 1649 uerba
1514 1613 1674 1663 poetae
1711 1612 1866 1650 auctor
1906 1609 2107 1664 recipere
2141 1621 2230 1651 non
2267 1608 2515 1651 dubitauit?

212 1699 258 1736 at
303 1692 412 1735 illud
447 1673 687 1749 elapsa-est
726 1705 873 1748 neque
917 1692 1121 1747 exemplo
1165 1694 1242 1733 aut
1274 1691 1524 1746 uergiliano
1566 1692 1866 1735 catullianoue
1908 1697 1985 1734 aut
2024 1692 2135 1734 alius
2169 1698 2330 1748 poetae
2369 1708 2515 1751 neque

210 1779 461 1822 sententiae
484 1776 684 1834 pondere
720 1776 1073 1833 commendatur,
1108 1778 1246 1819 immo
1281 1776 1352 1818 uel
1387 1775 1443 1817 ob
1479 1781 1671 1819 metrum
1697 1776 1954 1820 claudicans
1989 1782 2033 1819 et
2067 1778 2317 1821 orationem
2351 1781 2514 1823 misere

209 1867 398 1908 incisam
448 1862 724 1906 reiciendum
776 1869 853 1906 est.
929 1863 1157 1906 clausulae
1197 1861 1458 1916 trisyllabae
1512 1861 1785 1918 spondiacae
1845 1862 2199 1906 choriambicum
2243 1865 2514 1908 uocabulum

208 1952 434 2006 praemitti
468 1950 600 1991 solet:
648 1951 819 2006 >itaque
854 1950 989 1991 etiam
1025 1948 1139 1991 Ciris
1172 1953 1308 2004 poeta
1341 1947 1409 1989 bis
1443 1948 1547 1989 fecit
1580 1946 1775 1990 litoribus
1808 1946 1999 1996 desertis,
2036 1962 2173 1990 suaue
2205 1948 2365 1991 rubens
2397 1964 2513 1991 ‘nar-

210 2035 345 2078 cissus
396 2040 525 2089 (nam
575 2049 712 2083 suaue
760 2033 921 2077 rubens
971 2041 1018 2076 ut
1063 2047 1200 2076 suane
1240 2031 1356 2075 olens
1407 2047 1488 2088 pro
1538 2048 1629 2076 una
1685 2048 1830 2090 paene
1880 2048 1992 2077 uoce
2045 2036 2143 2076 iure
2194 2034 2397 2090 habetur,
2459 2036 2513 2078 cf.

209 2120 520 2177 suaviloquens
570 2119 828 2163 suauidicus
877 2119 1179 2175 suauisouus).
1248 2125 1405 2162 contra
1437 2119 1546 2161 illud
1580 2115 1792 2175 Neptuno
1825 2133 1979 2177 aeyaeo
2011 2134 2038 2162 a
2073 2120 2273 2175 Vergilio
2315 2123 2516 2176 sumpsit,

213 2213 257 2249 et
279 2206 389 2249 illud
424 2204 653 2248 lacrimoso
678 2204 827 2248 electro
862 2206 1114 2249 catullianis
1144 2203 1375 2260 famulum
1408 2203 1577 2262 leyarat
1611 2210 1654 2247 et
1675 2202 1827 2260 ayitur
1860 2203 2050 2247 decursu
2084 2210 2128 2247 et
2153 2204 2323 2248 Cinnae
2358 2202 2518 2261 leyitur

214 2291 443 2350 crystallus
462 2295 569 2335 satis
589 2291 854 2334 defenditur.
890 2292 1127 2335 Ribbeckii
1151 2297 1302 2334 autem
1325 2303 1508 2346 cumque
1530 2288 1716 2346 elapsast
1748 2291 1882 2347 plane
1906 2292 2134 2348 singulare
2158 2294 2288 2345 esset,
2311 2303 2418 2332 nam
2449 2303 2519 2332 ca—

213 2379 448 2420 tullianum
483 2375 713 2434 spleudent
746 2389 858 2419 auro
892 2383 1021 2434 atque
1053 2382 1236 2434 arqento
1260 2380 1350 2418 toto
1375 2376 1500 2417 caelo
1525 2376 1752 2419 diuersum
1784 2383 1862 2419 est.
1931 2376 2009 2418 sed
2044 2378 2178 2418 etiam
2202 2378 2239 2418 si
2274 2390 2300 2417 a
2333 2376 2520 2417 metrica

204 2465 379 2505 ratione
415 2462 723 2518 discessimus,
774 2465 995 2505 sententia
1030 2477 1165 2518 quam
1210 2462 1445 2505 Ribbeckii
1486 2464 1743 2504 coniectura
1781 2463 1968 2518 praebet
2007 2461 2140 2503 ualde
2181 2461 2396 2516 languida
2430 2466 2517 2503 est:

208 2546 428 2592 ‘nondum
474 2550 743 2591 sacrificium
778 2550 1024 2605 perfectum
1060 2549 1163 2603 fuit,
1205 2561 1306 2589 cum
1340 2548 1432 2604 pila
1472 2561 1496 2590 e
1536 2549 1742 2590 manibus
1785 2546 1965 2603 Scyllae
2006 2548 2162 2605 elapsa
2203 2553 2291 2603 est,
2329 2560 2519 2603 cumque

206 2633 364 2691 elapsa
388 2638 468 2690 est,
494 2636 718 2692 procurrit
742 2632 922 2689 Scylla'.
968 2634 1114 2690 potius
1139 2633 1252 2676 haec
1276 2636 1343 2676 est
1366 2633 1603 2676 sententia:
1663 2631 1898 2676 ‘sacrificio
1922 2631 2122 2676 nondum
2146 2633 2343 2690 perfecto
2367 2631 2521 2687 Scylla

205 2718 300 2773 pila
316 2719 472 2761 ludere
493 2722 651 2775 coepit.
686 2722 880 2775 primum
899 2720 991 2775 pila
1013 2732 1151 2760 manu
1174 2718 1306 2774 pulsa
1329 2731 1506 2760 sursum
1530 2719 1660 2773 lapsa
1684 2723 1749 2760 est
1775 2716 1958 2774 (poetae
1980 2724 2083 2760 ante
2103 2719 2255 2761 oculos
2272 2719 2354 2760 fuit
2376 2720 2520 2774 uergi-

210 2804 359 2846 lianus
382 2804 508 2847 locus
532 2807 647 2848 Aen.
684 2803 729 2859 3,
766 2804 857 2847 243
893 2802 1103 2860 celerique
1115 2801 1237 2859 fuya
1273 2801 1349 2844 sub
1382 2801 1530 2845 sidera
1564 2802 1711 2859 lapsae
1750 2799 1973 2845 Semesam
2000 2801 2221 2860 praedam
2260 2808 2299 2844 et
2328 2799 2513 2859 uestiyia

193 2888 335 2948 foeda
369 2887 668 2947 relinquunt),
704 2889 865 2932 deinde
889 2912 950 2919 —
974 2890 1200 2944 Heinsius,
1235 2888 1280 2930 id
1306 2887 1424 2945 quod
1449 2889 1665 2931 librorum
1690 2889 1920 2946 scripturis
1945 2888 2299 2944 commendatur,
2334 2900 2520 2944 cumque

207 2972 384 3031 relapsa
434 2980 493 3018 est
541 2980 663 3019 recte
716 2976 1010 3032 reposuit-
1044 2974 1185 3030 pilam
1229 2972 1440 3017 deorsum
1473 2973 1700 3030 relapsam
1735 2976 1783 3015 ut
1831 2974 2039 3039 manibus
2092 2975 2315 3031 exciperet
2369 2973 2523 3030 Scylla

206 3063 501 3106 uehementer
534 3063 778 3118 procurrit:
847 3073 934 3117 quo
969 3065 1094 3102 motu
1129 3061 1267 3103 uestis
1303 3059 1482 3115 Scyllae
1518 3059 1664 3101 soluta
1698 3058 1792 3101 est’.

399 3146 488 3190 Sed
515 3146 572 3189 ad
597 3159 779 3189 uersum
808 3144 881 3201 73,
907 3144 1026 3187 unde
1051 3145 1165 3187 haec
1190 3144 1245 3187 de
1269 3144 1526 3201 spondiacis
1544 3143 1749 3186 uersibus
1770 3144 2007 3202 disputatio
2039 3159 2144 3188 orsa
2167 3151 2248 3202 est,
2265 3145 2521 3190 redeamus.

205 3235 242 3275 is
267 3234 330 3275 ita
352 3233 487 3276 scribi
512 3232 625 3275 solet
652 3229 921 3289 Coniuyium
944 3243 1076 3273 carae
1106 3227 1358 3273 uiolauerat
1389 3229 1704 3288 Amphitrites.
1773 3235 1924 3274 tamen
1958 3230 2092 3274 ualde
2127 3231 2330 3288 displicet
2351 3234 2398 3275 in
2421 3233 2521 3277 loco

203 3331 293 3375 quo
345 3318 580 3376 Neptunus
634 3315 768 3360 fidem
820 3316 1121 3373 Amphitritae
1166 3318 1293 3360 uxori
1348 3330 1439 3360 non
1497 3327 1703 3360 seruasse
1753 3320 1963 3359 narratur
2025 3316 2324 3373 Amphitriten
2376 3315 2523 3361 eidem
