2796 3432
1202 0 1619 45 *4—

258 127 545 176 subtemen
587 127 785 173 manime
827 127 1129 184 uergilianum
1167 128 1384 172 insertum
1425 131 1505 172 est.
1543 150 1605 159 —-
1641 128 1800 186 Neque
1834 128 1954 173 enim
1988 125 2141 172 dubito
2176 127 2304 185 quin,
2354 128 2393 171 si
2432 127 2562 172 nobis

257 217 547 273 superessent
584 213 755 271 epyllia
792 213 872 257 illa
912 213 1159 257 catulliano
1200 213 1366 269 epyllio
1407 214 1501 256 fere
1537 214 1758 272 aequalia,
1811 217 1858 257 ut
1898 213 2070 258 Valerii
2109 213 2292 258 Catonis
2330 215 2563 271 Dictynna

257 297 309 349 C.
350 298 503 345 Heluii
544 297 719 343 Cinnae
761 298 963 354 Zmyrna
1004 296 1052 341 Ο.
1088 298 1248 342 Licinii
1292 297 1422 342 Calui
1473 298 1522 342 Io
1572 298 1799 341 Cornificii
1839 298 2036 343 Glaucus
2083 297 2268 342 Caecilii
2307 289 2477 353 Cybele
2500 297 2562 353 ⁷),

255 365 393 427 etiam
430 383 594 428 horum
628 385 820 441 uestigia
858 383 1082 442 quaedam
1120 386 1165 426 in
1206 382 1299 428 ciri
1341 384 1737 438 adgnoscerentur.
1805 386 1944 429 ueluti
1987 398 2079 429 non
2128 384 2225 427 sine
2274 384 2372 426 ueri
2412 384 2562 441 specie

257 470 482 526 quispiam
549 470 792 513 coniecerit
850 469 908 513 ad
958 470 1065 512 illud
1134 469 1189 511 de
1251 470 1509 513 Britomarti
1575 470 1823 527 episodium
1887 466 1948 528 (u.
2019 467 2313 523 286—309)
2375 468 2563 510 carmini

256 565 338 596 suo
377 554 669 598 inserendum
714 559 894 612 poetam
927 556 1141 611 inpulisse
1179 556 1301 599 illam
1335 555 1519 600 Catonis
1562 557 1859 612 Dictynnam:
1926 567 2073 612 neque
2106 553 2388 612 inprobabile
2431 552 2563 610 duco,

256 638 377 696 quod
415 639 620 684 Naekius
642 640 690 696 ⁸)
724 641 914 684 coniecit
947 640 1127 698 quidem
1161 639 1240 684 sed
1274 642 1423 684 statim
1456 642 1624 695 reiecit,
1660 653 1795 685 uersu
1831 639 1946 685 Ciris
1980 639 2088 684 304.
2124 640 2153 684 5
2186 637 2268 683 alii
2294 652 2378 697 quo
2417 637 2563 683 notior

254 740 360 770 essee
409 723 702 785 Dictynnam
744 723 898 769 dicere
949 731 1023 769 tuo
1067 723 1120 769 de
1162 723 1341 770 nomine
1386 723 1543 768 lunam
1588 724 1771 770 Catonis
1815 726 2088 782 Dictynnam
2135 719 2389 782 significari.
2458 738 2565 769 con-

251 811 407 855 feratis
431 825 567 869 quam
590 812 794 855 similiter
816 817 972 869 poetas
996 811 1052 855 de
1085 812 1265 868 Scyllae
1295 814 1468 869 origine
1498 816 1736 856 narrantes
1760 815 1893 868 poeta
1916 812 2337 856 commemorauerit
2371 826 2444 856 uu.
2484 812 2559 856 54.

257 897 320 940 64
352 909 546 954 namque
579 895 691 939 alias
724 895 807 940 alii
836 896 963 955 uolyo
983 895 1167 956 finxere
1191 895 1378 955 puellas.

448 982 545 1026 Iam
579 995 636 1025 ea
669 995 785 1040 quae
821 982 879 1026 ad
914 982 1078 1027 Catulli
1112 984 1341 1041 exemplar
1375 984 1586 1027 formauit
1618 986 1752 1040 poeta
1792 981 1907 1027 Ciris
1947 982 2013 1025 ita
2046 981 2358 1026 adnotabimus
2393 986 2440 1025 ut
2472 984 2562 1038 pri·

252 1083 377 1112 mum
442 1068 499 1112 ad
541 1070 741 1125 singulos
784 1068 898 1114 Ciris
933 1083 1090 1112 uersus
1133 1069 1374 1112 catulliana
1409 1068 1614 1123 exempla
1648 1067 1972 1121 adscribamu8‚
2008 1066 2168 1110 deinde
2202 1071 2352 1111 autem
2386 1069 2432 1110 in
2472 1070 2559 1111 fine

256 1155 644 1198 commentationis
678 1158 862 1198 nostrae
894 1169 948 1197 ea
983 1169 1098 1210 quae
1123 1156 1369 1210 generatim
1406 1159 1541 1210 atque
1576 1154 1785 1195 uniuerse
1821 1151 1875 1194 de
1910 1153 2157 1195 imitatione
2192 1152 2435 1195 catulliana
2469 1152 2558 1194 dici

255 1247 443 1297 possunt
478 1243 828 1298 conplectamur.

764 1332 887 1377 Etsi
917 1348 994 1377 me
1027 1333 1184 1377 uario
1218 1332 1475 1377 iactatum
1509 1332 1654 1377 laudis
1687 1346 1839 1375 amore

757 1419 977 1478 irritaque
1010 1425 1241 1479 expertum
1265 1418 1446 1477 fallacis
1474 1417 1681 1477 praemia
1722 1416 1844 1477 uolyi

760 1505 982 1566 cecropius
1015 1504 1204 1550 suauis
1237 1504 1496 1564 expirans
1529 1505 1781 1550 hortulus
1814 1521 1953 1550 auras

744 1591 952 1652 florentis
985 1591 1132 1636 uiridi
1161 1589 1342 1650 sophiae
1375 1591 1660 1650 conplectitur
1694 1591 1866 1642 umbra,

699 1680 727 1722 5
761 1693 856 1722 nec
889 1692 1004 1720 mea
1039 1676 1157 1735 quit
1190 1676 1305 1721 ratio
1340 1676 1529 1736 diynum
1562 1677 1643 1721 sibi
1675 1693 1884 1736 quaerere
1917 1692 2112 1728 carmen,

759 1764 884 1822 lonye
918 1762 1045 1806 aliud
1076 1762 1274 1807 studium
1308 1771 1437 1822 atque
1471 1763 1577 1806 alios
1611 1778 1722 1821 quae
1755 1764 1952 1807 accincta
1988 1763 2151 1806 labores

760 1849 892 1892 altius
925 1849 986 1891 ad
1017 1850 1175 1907 maynz'
1206 1848 1401 1907 suspexit
1434 1847 1580 1891 sidera
1613 1847 1778 1890 mundi

760 1942 799 1977 et
825 1934 1045 1993 placitum
1072 1933 1233 1993 paucis
1267 1949 1377 1977 ausa
1412 1940 1471 1977 est
1504 1932 1735 1976 ascendere
1770 1932 1940 1976 collem.-

754 2035 861 2064 non
895 2027 1065 2063 tamen
1100 2019 1305 2062 absistam
1340 2026 1537 2077 coeptum
1571 2018 1767 2061 detexere
1800 2033 1979 2067 munus,

659 2108 721 2150 10
754 2106 804 2149 in
838 2120 921 2164 quo
956 2106 1054 2148 iure
1087 2119 1206 2147 meas
1239 2103 1413 2147 utinam
1449 2104 1712 2163 requiescere
1745 2119 1896 2147 musas

756 2198 795 2235 et
829 2190 982 2235 leuiter
1016 2189 1228 2234 blandum
1264 2188 1386 2233 liceat
1421 2187 1635 2247 deponere
1668 2204 1848 2232 morem.

446 2289 541 2334 Hoc
602 2289 716 2334 Ciris
769 2288 999 2332 exordium
1051 2288 1185 2344 plane
1246 2286 1301 2329 ad
1355 2288 1566 2330 carminis
1619 2286 1742 2330 LXV
1803 2285 2030 2329 catulliani
2093 2285 2321 2341 exemplar
2386 2284 2558 2328 confor-

252 2380 423 2419 matum
479 2381 558 2431 est⁷
607 2375 725 2432 quod
776 2376 832 2417 ab
881 2375 1002 2416 hisce
1055 2375 1258 2416 uersibus
1305 2375 1476 2429 incipit:
1546 2368 1669 2412 Etsi
1714 2386 1788 2412 me
1838 2369 2068 2412 adsiduo
2119 2369 2412 2429 confectum
2448 2384 2558 2411 cura

250 2461 397 2504 dolore
438 2460 625 2504 ›Seuocat
658 2476 685 2503 a
731 2459 878 2508 doctis,
927 2457 1094 2508 Ortale,
1131 2458 1394 2518 viminibus,
1438 2455 1548 2499 Nec
1575 2455 1720 2515 potis
1754 2463 1829 2498 est
1863 2455 2001 2498 dulcis
2033 2469 2270 2498 musarum
2303 2467 2560 2514 expromere

235 2540 361 2606 fetus
384 2545 517 2589 illene
542 2546 689 2589 animi
710 2545 872 2605 (tantis
882 2545 1078 2605 fluctuat
1100 2544 1197 2602 ipsa
1222 2544 1371 2586 malis:
1418 2543 1486 2601 [5]
1511 2541 1721 2600 Namque
1743 2541 1832 2584 mei
1851 2556 1997 2599 nuper
2021 2541 2180 2584 lethaeo
2199 2540 2376 2599 yuryite
2396 2540 2559 2597 fratris

248 2629 530 2676 Pallidulum
563 2647 759 2677 manans
792 2629 935 2675 adluit
969 2629 1093 2673 unda
1122 2628 1292 2688 pedem,
1337 2626 1474 2673 Troia
1498 2628 1666 2672 rhoeteo
1691 2641 1820 2686 quem
1843 2626 1986 2671 subter
2020 2625 2160 2670 littore
2189 2625 2312 2670 tellus
2333 2623 2558 2685 Ereptum

252 2717 415 2762 nostris
459 2716 610 2761 obterit
652 2733 706 2760 ecc
746 2715 922 2776 oculis),
967 2715 1067 2773 [15]
1110 2713 1198 2757 Sed
1231 2722 1376 2757 tamen
1428 2714 1477 2757 in
1512 2713 1645 2757 tantis
1694 2712 1980 2760 maeroribus,
2037 2709 2203 2760 Ortale,
2255 2710 2376 2754 mitto
2427 2709 2560 2755 Haec

248 2818 453 2861 eoepressa
488 2803 565 2846 tibi
598 2802 805 2846 carmina
841 2800 1096 2843 Battiadae.

440 2891 579 2938 Sicuti
616 2889 817 2931 Catullus
853 2887 958 2929 dicit
992 2901 1055 2942 se⁷
1091 2898 1365 2943 quamquam
1402 2886 1578 2940 magnis
1616 2886 1733 2925 curis
1769 2897 2032 2940 oppressum
2060 2883 2250 2939 ideoque
2286 2881 2559 2925 carminibus

246 2974 496 3032 pangendis
531 2988 621 3018 non
658 2974 884 3029 idoneum,
921 2979 1068 3016 tamen
1106 2973 1307 3015 carmina
1344 2971 1627 3014 callimachia
1679 2972 1724 3013 in
1760 2971 1947 3013 latinum
1983 2982 2202 3012 conuersa
2246 2973 2293 3011 ut
2335 2969 2555 3026 promisso

441 3180 484 3225 7)
518 3180 565 3218 cf.
604 3191 725 3222 meas.
756 3181 914 3227 quaest.
953 3183 1030 3215 cat.
1067 3177 1099 3227 Ι,
1136 3177 1212 3215 312
1249 3175 1442 3216 Teuffelii
1481 3175 1616 3225 gesch.
1656 3173 1730 3212 der
1766 3178 1868 3212 rom.
1907 3173 1983 3211 litt.
2016 3184 2057 3223 p.
2086 3171 2160 3210 331
2185 3182 2274 3222 sqq.
2296 3170 2343 3209 L.
2364 3169 2558 3208 Muelleri

246 3244 377 3295 praef.
409 3242 562 3283 Catulli
593 3256 632 3295 p.
667 3242 799 3282 XLII.

441 3308 486 3352 8)
516 3308 569 3346 ad
601 3307 814 3346 Valerium
847 3304 1046 3345 catonem
1078 3318 1117 3356 p.
1149 3305 1238 3343 273.
