2796 3432
1142 25 1590 69 *13*

219 166 406 199 uersum
448 153 531 210 64,
575 152 636 197 63
684 148 796 194 Non
822 149 953 210 flauo
998 148 1191 193 retinens
1231 148 1428 193 subtilem
1465 149 1628 193 uertice
1666 149 1864 205 mitram,
1904 155 1979 210 qui
2012 154 2109 211 ipse
2142 166 2320 211 quoque
2352 159 2514 212 poetae

222 239 339 287 Ciris
360 240 406 284 in
430 236 668 284 scribendo
691 248 826 282 uersu
851 235 937 280 511
967 235 1231 280 obuersatus
1256 238 1342 280 est:
1392 243 1630 295 praeterea
1653 238 1772 298 quod
1806 231 1958 296 poeta⁴
1974 237 2089 283 Ciris
2123 251 2258 284 uersu
2292 240 2383 285 511
2417 241 2514 284 imi-

219 328 339 368 tatus
389 328 456 368 est
505 323 669 368 Catulli
702 336 884 367 uersum
923 322 998 377 64,
1046 320 1154 377 309,
1193 320 1297 365 inde
1331 335 1422 367 non
1457 324 1656 380 sequitur
1696 328 1744 368 ut
1775 323 1894 368 idem
1929 337 2085 369 uersus
2121 324 2387 370 catullianus
2419 339 2511 370 non

222 412 405 455 alterius
448 423 626 465 quoque
663 422 822 453 uersus
861 408 907 451 in
951 407 1102 463 aliqua
1141 421 1191 449 re
1239 401 1466 464 exemplar
1506 408 1644 451 fuisse
1677 409 1882 465 potuerit.
1951 408 2103 465 ueluti,
2137 413 2185 453 ut
2231 410 2350 454 intra
2400 410 2512 454 fines

222 495 466 539 eorundem
503 508 714 537 uersuum
750 478 1095 546 commoremur,
1127 505 1286 535 uersus
1322 492 1484 536 Catulli
1519 493 1596 548 64,
1631 493 1691 536 63
1726 495 1783 536 ab
1819 500 1999 537 auctore
2035 494 2148 538 Ciris
2183 499 2227 537 et
2249 509 2383 537 uersu
2417 495 2513 538 170

221 587 266 625 et
300 594 434 624 uersu
470 582 559 624 511
602 593 837 637 expressus
877 587 956 622 est.

730 714 811 755 130
836 726 905 753 nec
920 713 1075 766 fuerat,
1103 713 1148 753 ni
1176 712 1312 765 Scylla
1339 726 1439 752 novo
1467 717 1649 765 correpta
1664 712 1827 763 furore,

839 787 973 840 Scylla
1000 788 1132 840 patris
1158 788 1294 828 miseri
1315 787 1548 839 patriaeque
1578 787 1738 826 inuenta
1769 787 2001 841 sepulcrum,

836 877 858 902 o
884 864 1051 902 nimium
1079 863 1234 915 cupidis·
1263 862 1404 901 Minoa
1431 863 1620 901 inhiasset
1646 862 1784 901 ocellis.

219 996 273 1038 cf.
329 994 492 1040 Catulli
543 996 625 1052 68,
669 996 744 1042 88.
787 995 847 1040 89
896 993 1105 1053 Coeperat
1145 993 1206 1038 ad
1242 1007 1327 1038 sese
1374 990 1509 1037 Troia
1553 992 1665 1036 ciere
1703 991 1840 1050 uiros,
1880 990 2017 1036 Troia
2063 991 2226 1053 (nefas)
2282 1010 2511 1039 com-mune

217 1079 467 1138 sepulcrum
513 1079 651 1125 Asiae
697 1078 1009 1139 Europaeque.
1078 1085 1120 1124 et
1160 1080 1358 1124 eiusdem
1412 1081 1492 1137 64,
1540 1081 1599 1125 86
1635 1079 1690 1122 de
1740 1079 1941 1123 Ariadna
1990 1079 2212 1122 Theseum
2253 1083 2510 1138 conspicata

218 1163 362 1211 Hunc
398 1164 534 1210 simul
567 1181 620 1209 ac
662 1164 822 1224 cupido
856 1165 1080 1224 conspexit
1120 1163 1285 1208 lumine
1317 1162 1469 1223 uirqo,
1505 1165 1580 1208 ubi
1603 1167 1840 1222 praeterea
1880 1164 2084 1207 adnotari
2117 1169 2262 1221 potest
2285 1167 2330 1207 in
2375 1178 2507 1209 uersu

217 1255 420 1311 proximo
457 1253 517 1296 85
552 1252 670 1309 apud
707 1252 932 1297 Catullum
965 1249 1127 1295 fflinoa
1160 1253 1264 1308 legi⁷
1299 1251 1416 1308 quod
1449 1252 1496 1294 in
1532 1251 1645 1294 Ciris
1668 1264 1803 1293 uersu
1828 1251 1917 1293 132
1949 1255 2084 1293 extat:
2151 1265 2255 1294 nam
2292 1256 2410 1293 recte
2446 1252 2508 1293 sic

220 1338 476 1382 emendauit
514 1338 846 1382 Lachmannus.

358 1438 368 1448 ⁴
408 1425 500 1467 133
544 1438 638 1481 sqq.
683 1426 822 1468 Sicuti
862 1425 948 1467 hoc
989 1426 1088 1467 loco
1132 1428 1279 1480 poeta,
1324 1431 1559 1479 postquam
1602 1424 1799 1478 Scyllam
1844 1425 1888 1464 in
1934 1424 2083 1464 Minoe
2129 1424 2281 1465 oculos
2321 1425 2505 1465 nimium

215 1512 396 1568 pauisse
423 1512 641 1565 narrauit,
666 1509 722 1552 ad
748 1509 978 1566 Cupidinis
1008 1511 1251 1567 potentiam
1282 1508 1621 1551 describendam
1656 1508 1856 1564 paullum
1891 1507 2154 1564 digreditur,
2189 1510 2251 1550 ita
2285 1510 2505 1551 simillime

218 1594 419 1640 Catullus
455 1596 529 1650 64,
566 1596 625 1639 95
660 1596 778 1651 fecit,
813 1609 914 1638 cum
949 1594 1151 1639 Ariadna
1190 1609 1277 1651 quo
1312 1592 1444 1637 modo
1480 1592 1639 1636 Thesei
1685 1605 1836 1635 amore
1871 1592 2183 1636 incenderetur
2217 1595 2506 1649 exposuisset.

730 1732 804 1770 137
834 1730 899 1768 ille
925 1731 1042 1768 etiam
1070 1731 1182 1768 diuos
1209 1730 1381 1768 homines
1409 1753 1458 1758 —
1488 1730 1556 1767 sed
1583 1729 1708 1767 dicere
1734 1741 1919 1778 maynum
1948 1733 2013 1768 est.

408 1861 683 1904 Crediderim
724 1863 810 1905 hoc
849 1876 983 1904 uersu
1023 1868 1198 1918 poetam
1242 1864 1504 1904 memoriam
1558 1874 1763 1904 seruasse
1812 1863 2014 1917 quamuis
2061 1866 2237 1904 tenuem
2279 1863 2505 1904 catulliani

213 1959 368 1989 uersus
413 1947 492 2000 68,
533 1947 625 1989 142
667 1945 792 2004 atqui
827 1960 904 1989 nec
943 1945 1060 1989 dinis
1102 1946 1295 1990 homines
1337 1945 1573 2004 componier
1614 1960 1802 2004 aequum
1843 1953 1901 1989 est
1943 1950 2096 2003 (quem
2140 1961 2318 1990 uersum
2362 1951 2505 2004 magis

211 2033 446 2089 perspicue
490 2031 603 2076 Ciris
639 2036 795 2076 auctor
829 2034 1045 2088 expressit
1078 2034 1122 2076 in
1157 2047 1290 2076 uersu
1326 2032 1417 2076 329
1452 2046 1589 2089 neque
1622 2038 1680 2075 est
1720 2046 1820 2075 cum
1859 2030 1926 2075 dis
1966 2030 2222 2075 contendere
2263 2033 2507 2087 nostrum).-

211 2125 361 2163 tamen
395 2118 494 2163 loco
531 2117 693 2163 Catulli
726 2117 860 2162 ualde
895 2123 1102 2176 corrupto
1139 2123 1259 2163 certo
1297 2118 1350 2163 de
1386 2120 1471 2163 hac
1503 2132 1553 2162 re
1588 2118 1776 2163 iudicari
1809 2121 1975 2176 nequit.

405 2203 613 2247 Ceterum
647 2205 692 2245 in
730 2203 842 2247 Ciris
878 2218 1011 2246 uersu
1046 2218 1200 2246 omnes
1237 2203 1354 2260 quod
1390 2205 1525 2247 sciam
1558 2204 1749 2247 editores
1789 2206 2061 2247 recentiores
2102 2209 2201 2260 post
2235 2206 2501 2248 uocabulum

209 2289 335 2333 diuos
371 2288 464 2350 (ille
498 2288 629 2332 etiam
664 2288 811 2347 diuos,
844 2290 1040 2332 homines
1079 2316 1133 2320 -
1170 2289 1244 2332 sed
1277 2290 1418 2332 dicere
1451 2305 1667 2348 maynum
1703 2288 1782 2340 est)
1821 2293 2069 2333 orationem
2117 2294 2504 2347 interpunxerunt:

210 2390 297 2434 quo
316 2379 434 2420 facto
457 2382 636 2434 poetam
664 2383 843 2419 sumunt
866 2377 1028 2419 dixisse
1054 2379 1109 2420 ab
1136 2380 1300 2420 Amore
1321 2378 1452 2418 etiam
1482 2377 1634 2419 leones
1656 2379 1894 2433 tigresque,
1913 2379 2047 2419 etiam
2067 2377 2193 2419 diuos
2213 2378 2503 2434 hominesque

208 2464 339 2507 uinci.
410 2464 495 2506 hac
518 2464 562 2505 in
600 2464 937 2506 enumeratione
972 2464 1085 2505 bene
1129 2463 1307 2520 quidem
1347 2463 1617 2519 intellegitur
1662 2477 1739 2504 cur
1785 2463 1955 2504 ferocia
1993 2463 2190 2504 ferarum
2233 2469 2276 2505 et
2318 2464 2501 2506 deorum

205 2550 418 2591 maiestas
468 2550 723 2591 nominetur
775 2564 799 2591 a
851 2554 985 2606 poeta
1023 2550 1267 2606 potentiam
1325 2550 1501 2592 Amoris
1562 2549 1856 2604 descripturo:
1925 2547 2002 2590 sed
2044 2561 2122 2590 cur
2161 2549 2364 2593 homines
2401 2564 2503 2605 quo-

205 2647 292 2690 que
317 2638 724 2676 commemorantur
746 2635 906 2689 quibus
932 2634 1194 2690 Cupidinem
1220 2637 1445 2691 imperare
1468 2648 1548 2690 per
1577 2647 1625 2676 se
1659 2634 1942 2676 manifestum
1981 2634 2074 2675 est?
2142 2632 2299 2677 ‘Amor
2333 2642 2501 2678 tantum

203 2721 327 2763 ualet
349 2726 397 2762 ut
421 2721 579 2763 etiam
616 2720 860 2762 homines
895 2720 1108 2776 superet':
1165 2735 1270 2761 num
1306 2720 1394 2761 tale
1430 2719 1535 2776 quid
1571 2721 1654 2762 hoc
1678 2720 1775 2762 1000
1801 2724 1902 2776 apte
1927 2719 2015 2762 dici
2036 2721 2207 2776 potest?
2261 2721 2431 2763 accedit
2455 2729 2502 2763 ut

203 2805 314 2848 illud
349 2804 598 2861 asyndeton
636 2801 832 2864 (Amor)
878 2804 1010 2847 etiam
1051 2804 1188 2854 diuos,
1230 2805 1423 2848 homines
1460 2809 1495 2863 (.
1534 2839 1543 2848 .
1581 2838 1591 2848 .
1629 2839 1638 2848 .
1675 2803 1858 2865 docuit),
1897 2820 1996 2848 cum
2032 2808 2068 2848 si
2104 2808 2366 2848 sententiam
2412 2813 2500 2848 tum

202 2892 241 2935 si
273 2892 465 2935 formam
496 2892 711 2935 orationis
745 2893 1027 2948 respicimus,
1068 2892 1254 2950 perinde
1289 2894 1486 2949 ineptum
1531 2894 1599 2934 sit.
1648 2916 1700 2920 —
1746 2894 1826 2935 His
1870 2892 2199 2935 difficultatibus
2245 2893 2388 2933 libera.
2435 2896 2501 2933 est

202 2977 437 3035 explicatio
479 2989 610 3033 quam
650 2977 766 3021 bono
802 2976 970 3021 iudicio
1005 2991 1110 3022 usus
1146 2991 1258 3021 unus
1295 2991 1318 3020 e
1353 2977 1580 3021 sodalibus
1614 2980 1777 3022 nostris
1812 2979 2056 3036 proposuit.
2125 2979 2197 3034 qui
2240 2977 2382 3021 deleta
2424 2978 2502 3020 illa

199 3063 557 3119 interpunctione
607 3063 756 3106 locum
807 3063 893 3106 hac
927 3065 1100 3107 ratione
1134 3064 1406 3107 intellectum
1457 3064 1615 3107 uoluit:
1682 3061 1752 3106 ille
1776 3062 1906 3107 etiam
1949 3061 2073 3106 diuos
2107 3061 2300 3106 homines
2346 3077 2500 3108 amare

202 3147 371 3190 docuit:
438 3149 481 3191 h.
518 3163 556 3190 e.
610 3148 699 3190 ‘ille
735 3150 869 3191 etiam
907 3149 1013 3192 deos
1055 3150 1214 3204 inpulit
1247 3153 1295 3191 ut
1328 3149 1556 3192 amoribus
1601 3150 1808 3192 humanis
1844 3163 1891 3192 se
1932 3147 2146 3192 dederent
2179 3174 2238 3180 —
2275 3149 2353 3192 sed
2389 3150 2501 3192 haec

199 3232 322 3274 furta
356 3232 542 3276 deorum
578 3247 792 3276 enarrare
826 3235 1011 3291 longum
1046 3234 1138 3278 est'.

388 3319 513 3361 Haec
547 3320 781 3377 explicatio
818 3320 1012 3377 quodam
1053 3320 1187 3364 modo
1229 3320 1406 3364 defendi
1442 3325 1586 3377 potest
1624 3321 1723 3363 loco
1759 3320 1998 3363 catulliano
2047 3333 2179 3376 quem
2229 3321 2378 3375 attuli,
2424 3320 2498 3361 ubi

2222 3402 2243 3432 4
