2796 3432
0 0 125 17 &353³
155 0 182 5 ,ἡ
200 0 221 4 rs
242 1 243 4 ,
262 0 304 4 .-ἡ
324 0 341 7 -,
370 0 387 5 -,
433 3 435 6 ,
485 0 562 10 ,ηιμ-Ἴ
588 0 619 7 κη.
649 0 661 6 -r
692 0 729 3 vr*
750 0 831 8 „..,.„,
848 0 937 10 -vffirv
959 0 966 4 -

9 24 12 25 ⁷
924 23 930 33 v

1196 26 1616 74 *9-

448 152 738 195 Manifestum
771 156 840 195 est
872 165 974 195 eum
1009 152 1141 195 facile
1164 153 1210 194 in
1234 165 1432 198 errorem
1455 152 1609 197 induci
1631 154 1707 210 qui
1735 165 1853 210 quae
1885 153 2090 196 similiter
2122 151 2242 195 dicta
2285 152 2405 209 apud
2445 152 2558 197 duos

253 238 496 294 scriptores
540 237 764 280 inuenerit
807 240 1018 282 continuo
1060 239 1195 281 sumit
1238 250 1295 281 ea
1327 238 1518 282 alterum
1562 238 1620 282 ab
1655 239 1797 282 altero
1830 241 2081 281 mutuatum
2122 250 2235 282 esse.
2301 251 2409 282 nam
2442 239 2556 283 tales

255 320 572 365 similitudines
607 334 661 365 ex
695 324 855 367 aetatis
880 324 1173 379 congruentia
1214 323 1288 366 uel
1324 335 1379 366 ex
1410 321 1574 366 indolis
1609 326 1653 366 et
1686 322 1933 366 studiorum
1968 323 2263 368 consensione
2296 323 2371 366 uel
2405 336 2459 367 ex
2490 325 2558 368 rei

224 402 471 450 'tractatae
508 408 775 463 cognatione
800 413 1151 452 consentaneum
1177 411 1244 452 est
1267 409 1390 451 oriri.
1457 407 1537 451 sed
1561 407 1691 451 aliter
1713 420 1786 451 res
1836 421 1885 452 se
1926 408 2086 464 habet,
2132 409 2170 452 si
2220 412 2345 452 certa
2390 406 2560 452 indicia

255 493 528 535 conuincunt
576 492 768 536 alterum
819 495 1082 551 scriptorem
1135 508 1235 537 esse
1285 494 1468 537 alterius
1523 483 1809 536 imitatorem.
1877 492 1997 550 quod
2046 494 2123 537 ubi
2177 492 2554 551 deprehendimus

250 577 316 619 ibi
360 577 669 634 quaerendum
712 583 778 621 est
818 592 908 636 qua
949 585 1077 622 tenus
1119 583 1233 623 alter
1274 581 1464 623 alterum
1507 580 1790 637 expilauerit:
1857 581 1902 621 in
1949 593 2039 637 qua
2078 581 2386 637 disquisitione
2420 580 2557 621 etiam

258 663 571 707 similitudines
604 678 687 721 per
720 678 768 708 se
802 667 925 721 ipsas
958 680 1049 708 non
1083 667 1145 709 ita
1169 680 1332 723 graues
1356 666 1479 709 omni
1503 664 1734 719 diligentia
1758 664 2081 720 ponderandae
2104 670 2219 709 sunt.
2286 665 2373 708 hoc
2407 669 2558 707 autem

251 749 296 791 in
336 747 460 791 nullo
501 750 700 793 carmine
740 750 885 807 magis
926 751 1067 793 teneri
1108 754 1284 809 oportet
1324 762 1460 808 quam
1501 750 1548 792 in
1591 748 1698 806 ciri,
1736 749 1830 807 illo,
1873 754 1920 792 ut
1970 750 2196 794 Lucianus
2244 749 2486 793 Muellerus
2512 744 2556 809 ⁵)

250 846 395 892 nuper
427 834 543 878 bene
577 834 805 889 iudicauit,
841 839 1030 880 centone
1065 849 1120 880 ex
1155 836 1408 880 catullianis
1444 837 1487 877 et
1523 834 1782 891 uergilianis
1816 834 2016 878 frustulis
2057 835 2265 879 conflato.

443 920 742 964 Imitationem
790 919 954 963 Catulli
997 924 1040 963 et
1074 921 1261 976 Vergilii
1307 920 1597 975 respicientes
1631 919 1764 962 facile
1798 918 2198 963 animaduertimus
2242 933 2331 963 non
2369 919 2560 963 eandem

251 1004 471 1047 rationem
498 1019 525 1047 a
550 1004 664 1049 Ciris
700 1010 882 1050 auctore
918 1006 1204 1050 obseruatam
1237 1019 1349 1049 esse.
1418 1005 1604 1048 etenim
1635 1004 1887 1061 uergiliana
1909 1005 2097 1049 imitatio
2120 1006 2265 1062 magis
2300 1009 2457 1061 aperta
2491 1008 2558 1048 est

250 1103 386 1145 quam
411 1089 667 1133 catulliana.
715 1091 802 1133 hoc
825 1091 1041 1148 probatur
1066 1091 1138 1133 uel
1163 1104 1216 1133 eo
1241 1088 1359 1152 quod
1382 1096 1534 1146 poeta,
1559 1091 1634 1145 qui
1658 1104 1710 1133 ex
1736 1088 1911 1134 Catullo
1935 1103 1993 1132 ne
2017 1104 2155 1133 unum
2175 1090 2354 1146 quidem
2374 1104 2556 1134 uersum

255 1178 332 1214 aut
356 1173 579 1229 integrum
605 1180 683 1217 aut
705 1189 849 1231 paene
873 1177 1096 1231 integrum
1120 1178 1166 1218 in
1190 1189 1319 1218 suum
1344 1176 1560 1231 epyllium
1588 1176 1787 1228 inseruit,
1807 1188 1861 1216 ex
1885 1174 2083 1229 Vergilio
2107 1180 2257 1218 tamen
2283 1179 2327 1217 et
2350 1173 2559 1217 undecim

253 1269 409 1300 uersus
427 1259 625 1315 integros
645 1264 689 1301 et
707 1266 806 1303 octo
832 1274 990 1304 uersus
1009 1262 1084 1317 qui
1109 1274 1137 1302 a
1159 1260 1418 1316 uergilianis
1443 1261 1528 1302 nisi
1551 1262 1682 1302 unius
1701 1260 1910 1302 uocabuli
1928 1261 2175 1301 mutatione
2192 1273 2283 1302 non
2303 1261 2560 1316 discrepant

250 1346 476 1386 mutuatus
500 1350 579 1388 est.
651 1347 705 1388 cf.
744 1346 832 1389 Cir.
860 1347 946 1389 51*
973 1364 1029 1383 z
1056 1347 1191 1403 Verg.
1218 1347 1299 1388 ecl.
1337 1346 1466 1402 6,81;
1504 1346 1591 1388 Cir.
1620 1345 1693 1388 59.
1721 1345 1795 1388 60.
1828 1345 1916 1388 61*
1953 1363 2010 1382 z
2060 1346 2142 1388 ecl.
2187 1345 2310 1401 6,75.
2355 1345 2427 1387 76.
2472 1344 2555 1400 773

255 1428 343 1472 Cir.
375 1429 495 1473 125*
522 1449 577 1466 z
606 1432 686 1473 ecl.
713 1432 845 1489 47473
881 1433 970 1477 Cir.
998 1433 1116 1477 267*
1142 1450 1198 1469 z
1227 1432 1307 1474 ecl.
1334 1432 1465 1488 8,60:,
1490 1431 1579 1475 Cir.
1609 1430 1729 1474 302*
1754 1449 1811 1467 z
1839 1431 1921 1473 ecl.
1947 1431 2078 1488 8‚593
2104 1431 2194 1474 Cir.
2220 1430 2365 1473 373*
2390 1447 2448 1466 Σ
2476 1429 2558 1471 001.

257 1514 388 1572 8,753
424 1515 513 1560 Cir.
541 1516 662 1561 395*
687 1536 744 1556 --
771 1532 840 1575 ge.
865 1518 1032 1576 4‚3893
1067 1518 1156 1563 Cir.
1185 1518 1305 1562 398*
1329 1536 1387 1556 -—-
1416 1518 1496 1560 001.
1523 1517 1655 1575 4,49;
1680 1516 1768 1562 Cir.
1796 1517 1889 1561 403
1916 1535 1973 1555 z
2001 1518 2115 1560 Aen.
2145 1516 2307 1574 2,406;
2332 1516 2420 1560 Cir.
2446 1515 2557 1559 405.

252 1601 347 1645 406
369 1621 423 1640 z
447 1604 527 1646 ecl.
549 1603 672 1659 8,19.
696 1603 780 1660 203
801 1603 889 1647 Cir.
909 1603 1006 1647 430
1026 1623 1082 1641 --
1106 1605 1186 1646 ecl.
1208 1604 1339 1660 8,41;
1359 1603 1446 1647 Cir.
1468 1603 1563 1646 474
1583 1621 1639 1640 Ξ
1662 1605 1773 1646 Aen.
1795 1602 1927 1659 3‚74;
1948 1601 2037 1646 Cir.
2060 1601 2313 1645 538—541
2331 1619 2387 1638 =
2402 1614 2559 1657 georg.

254 1688 569 1742 1‚406—409.
639 1691 688 1732 In
740 1690 808 1731 his
864 1691 1081 1731 miramur
1140 1691 1210 1732 uel
1262 1690 1373 1735 duos
1423 1689 1553 1744 (405.
1608 1689 1649 1731 6.
1702 1690 1757 1731 cf.
1803 1688 1908 1732 394.
1954 1691 1980 1729 5
2022 1693 2065 1730 et
2108 1687 2218 1730 402.
2261 1685 2311 1743 3)
2356 1687 2428 1728 uel
2468 1691 2557 1728 tres

254 1772 349 1824 (59.
395 1773 469 1816 60.
512 1773 594 1831 61)
638 1775 705 1817 uel
749 1780 958 1832 quattuor
997 1775 1311 1832 (538—541)
1354 1787 1511 1817 uersus
1554 1775 1787 1818 continuos
1823 1788 1876 1817 ex
1908 1774 2109 1830 Vergilio
2146 1773 2402 1830 desumptos
2438 1784 2556 1815 esse.

250 1862 296 1901 in
351 1861 507 1915 primis
565 1873 722 1903 uersus
768 1873 880 1916 quos
932 1864 1128 1903 extremo
1174 1862 1273 1904 loco
1328 1860 1559 1903 nominaui
1618 1860 1934 1903 memorabiles
1994 1864 2097 1902 sunt
2156 1860 2262 1916 quia
2319 1859 2381 1900 eis
2438 1857 2560 1899 clau-

251 1944 350 1987 sula
375 1947 586 1989 carminis
612 1946 814 1989 efficitur.
883 1945 962 1988 sed
1004 1959 1092 1988 non
1130 1945 1396 1988 crediderim
1430 1959 1560 1988 mera
1592 1946 1752 1988 mentis
1780 1946 1944 1988 inertia
1978 1959 2005 1988 a
2039 1950 2174 2001 poeta
2207 1945 2308 1987 illos
2343 1947 2552 2000 quattuor

253 2043 410 2074 uersus
435 2032 617 2075 iteratos
645 2044 743 2075 esse
769 2045 822 2074 ex
845 2032 1060 2088 Vergilio,
1086 2030 1164 2075 sed
1191 2033 1338 2088 potius
1361 2033 1485 2075 illum
1511 2033 1660 2075 locum
1684 2031 1982 2086 uergilianum
2006 2031 2061 2074 de
2084 2031 2194 2074 Niso
2220 2034 2264 2073 et
2286 2029 2439 2085 Scylla
2455 2041 2562 2085 poe-

254 2121 346 2159 tam
373 2117 457 2159 sibi
492 2116 597 2159 olim
622 2118 812 2161 fortasse
847 2118 1059 2161 Messalla
1095 2117 1311 2161 suadente
1347 2119 1474 2174 quasi
1509 2119 1661 2160 thema
1696 2118 1947 2160 accuratius
1981 2115 2266 2159 tractandum
2301 2117 2561 2172 sumpsisse,

254 2207 402 2258 atque,
438 2217 539 2246 cum
574 2207 794 2259 promisso
830 2206 937 2247 satis
961 2206 1131 2260 fecerit,
1168 2206 1353 2247 consilio
1389 2203 1507 2260 (siue
1541 2205 1756 2246 laudabili
1791 2206 1886 2245 siue
1919 2203 2221 2259 uituperabili,
2257 2201 2335 2244 sed
2372 2202 2560 2243 consilio

253 2289 427 2346 tamen)
462 2290 561 2332 loco
598 2291 863 2347 uergiliano,
898 2292 972 2347 qui
1009 2303 1170 2333 caussa
1204 2292 1272 2333 sui
1297 2291 1507 2332 carminis
1532 2290 1678 2345 fuerit,
1704 2289 1968 2346 opusculum
1992 2289 2204 2331 finiuisse.
2230 2310 2291 2317 —
2315 2287 2410 2330 Nec
2434 2285 2560 2328 deest

254 2375 411 2418 similis
436 2378 661 2418 excusatio
697 2377 742 2418 in
777 2375 876 2419 loco
911 2376 987 2419 ubi
1022 2380 1111 2419 tres
1148 2377 1347 2419 continui
1383 2387 1539 2418 uersus
1574 2376 1811 2432 uergiliani
1844 2376 1889 2417 in
1926 2373 2018 2418 Ciri
2058 2372 2293 2430 adparent.
2361 2385 2466 2415 nam
2500 2372 2563 2415 ibi

253 2459 478 2515 Vergilius
514 2462 642 2516 quasi
676 2462 799 2503 testis
835 2461 1008 2504 citatur.
1076 2462 1119 2504 in
1147 2461 1351 2504 uersibus
1386 2462 1504 2503 enim
1531 2461 1591 2504 54
1614 2474 1709 2517 sqq.
1735 2465 1870 2516 poeta
1904 2459 2019 2503 Ciris
2054 2458 2256 2513 Scyllam
2280 2458 2376 2501 Nisi
2411 2457 2563 2513 filiam,

253 2557 369 2600 quae
404 2558 491 2601 quo
526 2545 660 2589 modo
696 2548 739 2589 in
777 2561 908 2590 auem
942 2551 1115 2591 mutata
1151 2548 1206 2589 sit
1240 2547 1335 2603 ipse
1372 2547 1652 2604 expositurus
1699 2554 1779 2601 est,
1821 2560 1848 2588 a
1889 2546 2032 2602 poetis
2075 2542 2345 2600 quibusdam
2387 2544 2563 2599 magnis

253 2644 336 2685 pro
378 2629 537 2673 eadem
579 2631 731 2687 Scylla
774 2632 878 2676 dicit
917 2648 1059 2690 praue
1100 2634 1304 2677 habitam
1350 2647 1448 2676 esse
1492 2647 1607 2689 quae
1652 2637 1758 2674 nota
1793 2631 2076 2674 deformitate
2110 2630 2297 2686 insignis
2332 2643 2420 2672 una
2459 2643 2560 2673 011111

256 2715 491 2770 Charybdi
523 2719 687 2760 fretum
722 2719 911 2760 siculum
963 2719 1152 2761 infestet.
1222 2721 1313 2761 iam
1354 2724 1488 2774 poeta
1530 2717 1644 2761 Ciris
1690 2731 1791 2759 cum
1833 2715 2177 2772 descriptionem
2213 2716 2347 2758 huius
2383 2713 2562 2769 Scyllae

254 2806 535 2845 monstrosae
579 2817 633 2845 ex
675 2804 875 2860 Vergilio
922 2805 1061 2847 tribus
1105 2805 1308 2847 uersibus
1358 2809 1567 2860 sumeret,
1613 2803 1861 2860 Vergilium
1908 2815 2010 2844 eum
2049 2803 2222 2843 notauit
2261 2807 2441 2858 poetam
2487 2802 2561 2857 qui

254 2892 298 2931 et
330 2889 427 2943 ipse
461 2890 587 2933 illum
623 2903 822 2934 errorem
860 2892 1145 2934 commiserit.
1214 2895 1257 2933 et
1297 2891 1416 2933 enim
1441 2902 1490 2932 re
1514 2902 1623 2933 uera
1658 2889 1899 2945 Vergilius,
1941 2889 2015 2945 qui
2050 2891 2207 2944 postea
2245 2888 2290 2928 in
2325 2887 2566 2943 georgicon

255 2987 389 3032 quem
425 2974 514 3018 dixi
547 2976 648 3020 1000
685 2976 885 3032 Scyllam
919 2977 964 3019 in
1001 2990 1132 3020 auem
1169 2989 1436 3020 conuersam
1476 2981 1596 3018 recte
1632 2975 1853 3029 narrauit,
1911 2975 2045 3016 antea
2077 2972 2154 3015 illo
2191 2972 2374 3029 eclogae
2415 2976 2566 3016 sextae

255 3060 355 3104 loco
405 3061 606 3118 Scyllam
642 3063 738 3108 Nisi
774 3062 911 3106 filiam
945 3063 990 3105 in
1026 3076 1155 3106 auem
1188 3067 1405 3106 mutatam
1441 3065 1484 3105 et
1515 3061 1715 3117 Scyllam
1738 3063 2040 3104 monstrosam
2063 3058 2164 3102 freti
2187 3057 2313 3101 siculi
2338 3056 2569 3102 custodem

252 3148 370 3189 inter
404 3161 452 3191 se
487 3148 770 3192 confuderat:

444 3335 489 3380 5)
521 3334 652 3384 praef.
684 3331 836 3372 Catulli
867 3345 907 3384 p.
947 3333 1124 3374 XLIII..
