2796 3432
1162 24 1612 68 -12-—

231 146 341 194 haec
379 146 538 195 charta
579 145 788 206 loquatur
825 161 944 193 anus
976 181 1178 193 .....
1222 146 1513 209 Noteecatque
1542 148 1689 209 mayn}
1708 156 1913 196 mortum
1940 155 2072 210 atquo
2110 147 2268 208 Μαρία.
2334 149 2551 208 egregiae-

240 234 426 291 Hauptii
459 233 767 279 emendationi
797 230 1091 293 Mnemosyne
1125 234 1417 279 catullianum
1450 237 1601 280 locum
1638 237 1793 280 fauere
1825 237 2115 281 manifestum
2148 239 2228 280 est.

427 318 478 362 In
502 332 639 362 uersu
672 321 877 376 sequenti
910 320 971 364 92
1000 315 1153 372 Quare
1184 332 1296 378 quae
1330 326 1487 364 cantus
1507 318 1744 365 meditanti
1772 311 1944 364 mittere
1970 334 2116 365 caecos
2143 325 2390 365 extremum
2413 334 2552 365 noca--

234 404 388 449 bulum
430 410 687 461 corruptum
729 419 821 449 non
863 405 969 449 dum
1009 410 1218 449 sanatum
1266 411 1350 448 est:
1417 408 1528 449 mihi
1576 407 1756 464 quidem
1803 420 1919 464 quae
1965 406 2113 450 adhuc
2160 407 2392 464 proposita
2439 411 2544 449 sunt

236 485 391 549 (laetos
413 487 556 533 doctos
578 486 750 549 curtos)
773 505 865 533 non
889 492 996 533 satis
1019 492 1211 548 placent.
1279 493 1471 534 fortasse
1494 506 1585 535 non
1608 505 1775 535 nomen
1799 492 1982 550 aliquod
2004 492 2273 536 adiectiuum
2297 490 2354 534 ad
2379 503 2539 534 uocem

232 580 388 617 cantus
432 576 625 618 relatum
665 577 754 620 hoc
795 577 895 620 loco
930 577 1218 619 obscuratum
1261 581 1349 632 est,
1390 577 1469 620 sed
1504 576 1770 621 aduerbium
1812 576 2051 635 quoddam.
2120 580 2164 620 et
2203 576 2323 620 enim
2364 575 2438 618 hic
2476 577 2543 618 est

235 662 560 703 sententiarum
596 664 846 703 contextus:
899 658 942 703 ‘o
975 674 1153 718 musae,
1189 674 1305 718 quae
1340 662 1520 718 saepius
1555 664 1690 704 antea
1720 661 1831 704 mihi
1866 663 2069 706 carmina
2101 662 2319 719 scripturo
2353 659 2548 716 fauistis,

233 746 477 803 praecipue
511 758 632 788 nunc
664 750 819 790 nostro
853 747 1082 802 proposito
1118 745 1374 802 adspirate?
1418 748 1572 803 itaque
1602 749 1755 790 nescio
1791 761 1849 790 an
1887 749 2023 803 poeta
2056 748 2301 804 scripserit:

917 882 1039 919 quare
1065 881 1163 919 quae
1190 874 1330 908 cantus
1356 870 1563 908 meditanti
1588 870 1740 909 mittere
1768 871 1938 909 crebro

922 956 1070 994 maqna
1096 945 1194 983 mihi
1222 945 1364 996 cupido
1394 944 1588 983 tribuistis
1609 944 1807 996 praemia.

814 1123 893 1161 104
920 1134 1086 1171 quarum
1115 1134 1195 1159 non
1222 1121 1297 1160 ulli
1313 1122 1433 1173 sama
1468 1123 1725 1161 concedere
1761 1122 1911 1172 diyna

924 1201 1002 1235 stat
1033 1196 1214 1246 Meyara.

232 1320 287 1363 cf.
314 1318 478 1364 Catulli
513 1319 587 1373 68,
623 1319 714 1362 131
741 1316 841 1361 Aut
870 1317 987 1363 nihil
1017 1324 1094 1360 aut
1109 1317 1249 1375 paulo
1275 1316 1349 1360 cui
1370 1323 1464 1360 tum
1500 1316 1779 1361 concedere
1813 1315 1976 1375 diyna
2009 1314 2118 1360 Lux
2140 1331 2238 1360 mea
2265 1330 2307 1360 se
2338 1322 2541 1361 nostrum

232 1403 415 1448 contulit
448 1402 497 1447 in
527 1403 767 1462 yremium.

813 1571 891 1610 108
918 1582 1031 1624 saepe
1058 1570 1162 1623 Iapis
1188 1576 1368 1622 recrepat
1395 1570 1560 1621 cyllenia
1588 1581 1800 1608 murmura
1825 1567 1977 1621 pulsae.

231 1689 498 1750 recrepandi
528 1691 801 1735 uocabulum
834 1695 1016 1749 praeter
1049 1692 1168 1734 hunc
1202 1691 1351 1734 locum
1388 1692 1472 1734 nisi
1516 1692 1561 1734 in
1598 1689 1759 1734 Catulli
1795 1703 1933 1733 carm.
1971 1688 2052 1746 63,
2089 1688 2148 1732 29
2183 1702 2296 1731 caua
2338 1685 2534 1747 cymbala

232 1783 468 1835 recrepant
500 1779 691 1835 reperiri
724 1791 815 1820 non
851 1776 1041 1820 uidetur.

812 1923 892 1962 114
916 1921 1126 1972 yortynius
1154 1921 1269 1959 heros

233 2045 288 2088 de
323 2045 490 2099 Minoe,
525 2045 654 2086 sicuti
689 2043 889 2087 Catullus
925 2042 1032 2084 dixit
1067 2043 1142 2097 64,
1181 2042 1238 2085 75
1275 2039 1440 2098 Attiqit
1474 2039 1630 2083 iniusti
1661 2039 1775 2098 reyis
1804 2038 2018 2098 yortynia
2058 2045 2176 2082 tecta.

818 2211 896 2250 116
924 2210 994 2247 sed
1023 2221 1141 2257 neque
1170 2213 1251 2246 tum
1281 2207 1385 2246 ciues
1414 2219 1533 2257 neque
1562 2212 1644 2245 twm
1670 2218 1744 2244 rex
1771 2206 1855 2257 ipse
1882 2210 2054 2245 ueretwr.

233 2333 288 2374 cf.
316 2331 480 2374 Catulli
516 2331 591 2386 64,
624 2331 684 2373 68
717 2326 808 2371 Sed
839 2343 976 2386 neque
1010 2335 1104 2369 tam
1138 2327 1299 2369 mitrae
1332 2340 1470 2384 neque
1495 2332 1589 2367 tum
1611 2324 1842 2382 fluitantis
1865 2323 2051 2366 amictus
2080 2318 2169 2364 Illa
2191 2319 2333 2363 uicem
2356 2334 2548 2362 curans„

229 2417 334 2459 inde
359 2421 482 2474 patet
505 2430 592 2473 quo
616 2419 713 2458 iure
736 2416 1040 2459 Rossbachius
1065 2413 1183 2470 apud
1209 2413 1433 2457 Catullum
1459 2426 1512 2455 ex
1534 2413 1754 2455 bonorum
1782 2411 1998 2453 librorum
2031 2405 2085 2450 Si
2112 2408 2312 2451 elicuerit
2333 2403 2420 2449 Sic.

813 2583 888 2620 117
918 2581 1057 2631 infesto
1088 2581 1141 2620 ad
1167 2593 1303 2617 muros
1330 2579 1535 2618 uolitantis
1562 2580 1717 2629 aymine
1748 2583 1913 2616 turmas.

231 2703 287 2744 cf.
324 2701 487 2746 Catulli
523 2701 599 2757 64,
639 2701 666 2743 9
701 2697 811 2758 Ipsa
846 2698 935 2742 leui
956 2698 1066 2757 fecit
1099 2698 1416 2741 uolitantem
1442 2697 1690 2757 flamine
1724 2711 1960 2741 curru-m.

812 2869 888 2907 122
917 2872 968 2905 at
995 2880 1164 2907 roseas
1193 2868 1316 2907 medio
1343 2868 1527 2919 euryebat
1554 2866 1740 2905 uertice
1774 2864 1900 2903 crinis
1928 2894 1938 2903 .
1968 2893 1978 2904 .
2008 2894 2018 2904 .

813 2945 891 2984 126
921 2956 1009 2994 cryo
1038 2943 1163 2982 omnis
1191 2954 1282 2982 caro
1309 2942 1559 2982 residebat
1586 2953 1685 2981 cura
1713 2939 1870 2992 capillo,

233 3067 287 3108 cf.
316 3066 480 3110 Catulli
514 3067 590 3122 64,
627 3066 720 3109 309
746 3063 822 3107 At
854 3080 996 3107 roseo
1030 3064 1188 3107 niueae
1220 3062 1522 3106 residebant
1555 3060 1763 3105 uertice
1795 3059 1945 3102 uittae.
1969 3060 2194 3102 Lucianus
2216 3058 2459 3101 Muellerus
2484 3057 2544 3100 ad

233 3151 329 3195 Cat.
354 3167 398 3209 p.
426 3152 585 3195 XXXI
609 3152 725 3195 Ciris
749 3154 979 3194 auctorem
1006 3164 1059 3193 ex
1083 3150 1170 3192 hoc
1193 3162 1328 3192 uersu
1353 3149 1594 3192 catulliano
1619 3148 1864 3203 sumpsisse
1887 3144 1998 3188 illud
2020 3141 2088 3187 At
2118 3157 2267 3187 roseus
2298 3157 2391 3187 non
2424 3146 2548 3187 recte

230 3237 428 3294 negauit.
498 3238 574 3293 qui
617 3250 720 3280 cum
762 3237 947 3293 insuper
993 3234 1229 3278 adnotaret
1270 3232 1385 3278 Ciris
1426 3237 1608 3289 poetam
1656 3231 1713 3275 ad
1746 3231 1879 3275 huius
1920 3230 2148 3274 catulliani
2179 3230 2268 3274 loci
2319 3229 2549 3286 exemplar

229 3337 411 3368 uersum
455 3324 547 3367 511
592 3323 899 3367 conformasse
944 3318 1211 3378 Purpureas
1258 3317 1378 3371 flauo
1425 3316 1685 3361 retinentem
1727 3314 1891 3360 uertice
1941 3313 2094 3364 uittas,
2143 3316 2339 3372 neglexit
2379 3313 2550 3360 Catulli
