2796 3432
1189 27 1605 70 *7-

251 158 316 201 de
355 157 472 201 lecto
516 155 725 212 uirginuli
763 155 993 199 Ariadnae
1032 152 1162 211 dixit,
1211 156 1346 211 poeta
1379 152 1493 198 Ciris
1526 153 1623 197 440
1656 152 1711 196 de
1741 154 1858 196 lecto
1891 153 2058 211 geniali
2089 153 2270 209 Scyllae
2302 150 2544 196 sternendo

257 241 510 300 usurpauitz,
542 243 779 298 praeterea
787 236 1043 300 friyidulus
1066 236 1576 300 (frfflduhm—puessam
1599 237 1706 295 251,
1727 235 1975 296 friyidulos
1995 235 2144 281 ocellos
2172 232 2290 291 348)
2316 249 2345 280 s.
2369 234 2545 281 Catullo

257 327 446 383 sumpsit
467 326 544 381 (cf.
570 325 646 382 64,
668 325 760 370 131
785 322 1041 384 FriJidulos
1056 322 1146 370 udo
1161 322 1380 382 sinyultus
1394 337 1469 367 ore
1484 322 1679 368 cientem.
1693 325 1749 368 cf.
1769 324 1904 367 etiam
1917 323 1961 381 3,
1985 323 2047 367 18
2063 320 2286 381 turyiduli
2300 320 2441 378 oceui)
2469 320 2545 380 ¹²)

258 415 304 454 et
342 410 401 454 ad
439 409 640 454 eiusdem
682 411 1014 455 similitudinem
1054 413 1178 455 finxit
1217 426 1261 454 u.
1301 408 1522 454 tabidulus
1562 406 1940 470 (Tabidulamque
1978 406 2100 466 uidet
2131 407 2220 451 labi
2249 420 2330 466 per
2372 406 2546 450 uiscera

257 500 441 539 mortem
472 490 609 553 182).
673 502 909 553 praeterea
938 498 1227 543 inueniuntur
1255 501 1301 542 in
1336 497 1429 543 0111
1465 499 1526 552 (ut
1557 498 1846 541 usitatissima
1883 496 1963 540 illa
1996 496 2133 539 ueluti
2157 491 2312 552 puella
2345 491 2547 536 labellum

256 583 349 625 alia
382 576 599 638 omittam)
639 580 913 624 deminutiua
942 581 1099 626 ocellus
1131 583 1241 627 132.
1277 583 1383 626 238.
1420 582 1513 627 348
1552 582 1695 639 (quod
1728 584 1922 638 septiens
1957 581 2075 638 apud
2108 581 2331 625 Catullum
2364 580 2547 636 legitur)

257 664 485 709 nutv-iwan
519 665 625 709 257.
662 666 753 709 277
784 666 1008 724 paruulus
1041 667 1150 712 138.

732 815 757 857 7
792 813 923 857 altius
955 813 1018 857 ad
1046 813 1229 872 mayni
1258 817 1291 870 †
1329 812 1619 871 suspendit
1656 812 1837 856 sidera
1878 811 2079 856 mundi.

450 961 554 1005 Non
587 962 796 1020 intellego
831 976 910 1006 cur
947 963 1222 1007 Ribbeckius
1263 965 1557 1008 certissimam
1597 964 1953 1009 emendationem
2001 961 2241 1007 Schraderi
2285 960 2481 1020 suspexit
2520 976 2548 1005 a

260 1047 433 1103 Silligio
466 1046 660 1104 Hauptio
694 1047 952 1104 Ladewigio
985 1055 1106 1092 recte
1128 1054 1356 1106 receptam
1380 1050 1710 1105 posthabuerit
1737 1062 1847 1106 prae
1877 1050 2157 1106 scaligerana
2178 1046 2407 1092 subtendit.
2458 1051 2551 1092 iam

261 1131 537 1176 Schraderus
578 1133 692 1176 bene
730 1134 777 1175 in
817 1145 947 1176 usum
988 1136 1168 1178 uocauit
1209 1133 1323 1177 Ciris
1367 1149 1407 1177 u.
1456 1134 1547 1177 218
1581 1133 1665 1177 alte
1696 1130 1891 1190 Suspicit
1923 1132 1985 1176 ad
2016 1132 2116 1176 celsi
2152 1131 2371 1176 nictantia
2404 1132 2552 1176 sidera

260 1215 436 1266 mundi,
482 1222 526 1260 et
557 1218 666 1261 locis
710 1219 967 1262 lucretianis
1010 1223 1054 1262 et
1092 1219 1374 1275 uergilianis,
1425 1220 1584 1275 quibus
1622 1220 1749 1262 multi
1788 1218 1891 1262 addi
1935 1223 2141 1275 possunt,
2193 1219 2553 1262 emendationem

262 1319 389 1349 suam
407 1306 608 1348 muniuit.
649 1304 728 1349 sed
745 1305 950 1347 omnibus
973 1305 1161 1347 similior
1179 1310 1246 1348 est
1261 1306 1387 1348 locus
1411 1305 1693 1361 catuUianus,
1704 1319 1835 1362 quem
1854 1306 2134 1361 potissimum
2150 1310 2257 1361 puto
2283 1306 2547 1360 scriptorem

262 1397 364 1433 ante
399 1392 550 1433 oculos
583 1391 817 1433 habuisse:
885 1390 962 1445 66,
996 1391 1022 1432 1
1064 1387 1233 1432 Omnia
1266 1388 1345 1447 qui
1374 1388 1559 1447 maqni
1589 1388 1831 1448 dispexit
1864 1389 2068 1432 lumina
2106 1388 2305 1432 mundi.

768 1515 831 1559 10
862 1514 912 1558 in
946 1528 1029 1573 quo
1062 1513 1162 1558 iure
1193 1529 1313 1558 meas
1345 1514 1521 1559 utinam
1554 1516 1816 1575 requiescere
1847 1532 1997 1560 musas

866 1607 905 1643 et
937 1601 1091 1644 leuiter
1124 1599 1336 1645 blandum
1369 1601 1494 1645 liceat
1531 1601 1564 1645 d
1570 1617 1626 1661 ep
1634 1617 1657 1645 o
1665 1619 1697 1645 n
1704 1617 1725 1645 e
1734 1618 1760 1645 r
1769 1617 1790 1645 e
1828 1618 1873 1645 m
1881 1617 1904 1645 ο
1914 1619 1940 1645 r
1947 1618 2033 1647 em.

260 1731 317 1774 ef.
354 1728 516 1773 Catulli
552 1729 625 1785 76,
660 1730 719 1773 13
754 1728 968 1787 deponere
999 1745 1208 1775 amorem.

758 1868 816 1912 22
852 1867 992 1926 qualis
1025 1867 1320 1912 erechtheis
1353 1866 1457 1912 olim
1482 1875 1695 1926 portatur
1729 1867 1975 1919 Athenis,

852 1952 991 1997 debita
1028 1969 1130 1997 cum
1164 1970 1185 1997 c
1194 1970 1247 1997 as
1257 1961 1307 1997 ta
1317 1970 1337 1997 e
1369 1953 1605 1997 soluuntur
1638 1962 1741 1997 uota
1774 1953 1836 1997 M
1837 1955 1856 1998 i
1862 1972 1892 1998 n
1902 1971 1991 1997 eru
2001 1971 2028 1997 a
2039 1971 2070 1997 e.

262 2090 358 2133 Iam
381 2090 578 2146 Silligius
601 2095 721 2134 recte
745 2091 976 2136 adnotauit
998 2093 1085 2137 hoc
1107 2094 1208 2137 loco
1231 2099 1412 2151 poetam
1435 2094 1636 2138 similiter
1667 2092 1721 2137 ad
1752 2094 1934 2150 peplum
1957 2094 2190 2139 Mineruae
2215 2094 2558 2138 describendum

263 2176 490 2220 declinare
530 2181 578 2220 ut
617 2175 815 2221 Catullus
865 2179 911 2221 in
963 2181 1161 2222 carmine
1201 2180 1363 2223 LXIIII
1404 2180 1462 2223 ad
1502 2185 1673 2224 uestem
1713 2181 1836 2223 illam
1889 2183 2133 2239 stragulam
2182 2184 2411 2226 Ariadnae
2455 2184 2557 2226 fatis

262 2264 483 2318 insignem
518 2262 819 2305 enarrandam
853 2278 881 2306 a
920 2267 996 2307 uia
1036 2265 1325 2322 digrediatur.
1392 2265 1635 2309 erechtheas
1667 2265 1869 2309 Athenas
1909 2273 2043 2324 poeta
2076 2268 2190 2311 Ciris
2231 2268 2336 2332 dixit
2382 2275 2559 2312 secutus

263 2345 501 2403 Catullum,
542 2348 614 2404 qui
652 2348 734 2404 64,
779 2349 868 2392 211
910 2350 1101 2395 Piraeea
1151 2352 1425 2396 erechtheum
1469 2358 1651 2412 portum
1701 2359 1744 2397 et
1781 2355 1827 2397 in
1877 2355 2079 2411 proximo
2126 2366 2259 2397 uersu
2307 2355 2560 2398 Mineruam

262 2435 428 2474 castam
466 2429 623 2475 diuam
662 2435 931 2480 nominauit:
997 2438 1061 2480 ita
1104 2439 1225 2482 enim
1276 2438 1394 2496 apud
1447 2438 1669 2485 Catullum
1719 2455 1800 2498 pro
1850 2440 2067 2485 librorum
2117 2438 2246 2484 classi
2292 2440 2391 2485 ltali
2439 2445 2560 2485 reete

260 2518 550 2574 scripserunt,
585 2531 700 2575 quae
733 2522 953 2577 scriptura
985 2523 1085 2568 loco
1122 2523 1235 2568 Ciris
1270 2524 1467 2580 quodam
1497 2526 1632 2570 modo
1667 2526 1846 2570 defendi
1890 2526 2078 2570 uidetur.

719 2664 779 2707 25
814 2677 914 2706 cum
948 2662 1059 2708 leuis
1092 2664 1260 2708 alter-710
1294 2664 1508 2723 zephyrus
1539 2663 1813 2710 concrebruit
1845 2680 1949 2710 euro

814 2754 852 2791 et
881 2763 1049 2805 prono
1078 2748 1327 2807 yrauidum
1358 2749 1567 2808 prouexit
1591 2750 1828 2809 pondere
1864 2767 2101 2796 currum.

452 2886 523 2929 De
555 2889 660 2931 naui
694 2888 1025 2945 panathenaica
1057 2892 1192 2946 poeta
1224 2889 1438 2946 loquitur:
1496 2889 1551 2934 cf.
1588 2888 1751 2934 Catulli
1786 2903 1923 2934 carm.
1991 2891 2063 2945 64,
2100 2890 2127 2934 9
2163 2890 2218 2935 de
2266 2893 2388 2948 Argo
2437 2905 2556 2936 naue

262 3137 309 3176 in
338 3135 487 3178 catull.
517 3139 647 3180 Marb.
678 3140 794 3181 1869.
849 3154 890 3193 p.
919 3141 970 3180 35
999 3141 1176 3194 collegit.
1207 3145 1360 3193 quanto
1391 3155 1518 3196 opere
1537 3143 1633 3182 huic
1651 3142 1948 3182 uocabulorum
1974 3143 2118 3194 generi
2136 3143 2288 3194 reliqui
2312 3143 2375 3183 illi
2396 3141 2560 3183 Catullo

263 3203 462 3304 {lequales
481 3205 568 3243 fere
586 3208 736 3256 poetae
755 3205 1002 3245 indulserint
1021 3218 1163 3245 eorum
1189 3207 1424 3258 fragmenta
1444 3208 1631 3258 quamuis
1657 3221 1755 3247 rara
1780 3209 1880 3247 satis
1908 3208 2193 3247 demonstrant
2212 3209 2282 3255 (cf.
2302 3208 2349 3247 L.
2369 3208 2562 3247 Muelleri

307 3267 426 3305 atulli
453 3280 495 3318 p.
525 3268 576 3306 74
603 3271 726 3319 sqq.).

460 3331 532 3377 12)
563 3332 610 3372 cf.
639 3333 812 3384 Hauptii
843 3333 927 3373 obs.
958 3335 1046 3374 crit.
1074 3348 1115 3386 p.
1145 3335 1211 3375 14.
