2796 3432
209 270 347 357 mes
378 278 515 359 Elisus
547 306 609 347 et
624 302 797 361 Scylla
810 303 859 354 in
877 303 1037 363 auium
1066 268 1255 346 formas
1268 314 1333 345 m
1828 318 1842 320 ’-

212 386 522 434 eonium-,tinus
554 383 795 430 mandat
824 384 910 428 sibi
941 383 1067 428 uult?
1133 385 1342 428 uoculam
1374 385 1818 442 quc⁴ooniunct1uue
1844 377 1989 435 λά

211 471 429 514 orationis
450 471 665 514 uniuersa
686 482 790 513 eum
812 469 1021 536 postulat.
1067 468 1147 511 tali
1168 472 1317 512 autem
1341 469 1627 515 amo-e
1649 474 1730 514 uti
1724 478 1832 516 ‘aon
1857 471 1978 516 lieet
1984 472 2034 517 fii
2055 472 2190 523 ξω

211 553 393 610 quidem
425 555 544 598 enim
585 553 839 611 puellarum
871 551 1163 596 ‘dauliadum’
1194 554 1241 595 in
1274 552 1372 596 Nisi
1406 557 1467 595 et
1481 534 1662 609 Scyllae
1701 550 2096 601 metm-motione
2128 551 2302 614 ηὼς
2347 564 2355 569 ”

211 644 364 698 partes
399 641 601 697 fuerunt,
649 638 761 683 illud
795 652 824 682 a
857 638 1020 682 uocula
1051 650 1139 694 qua
1176 638 1395 694 incipiens
1437 640 1716 701 enuntiatum
1757 653 1858 684 cum
1892 645 2121 692 enuntiato
2135 616 2508 703 meffl-'aeoe

211 739 400 771 caussae
432 726 507 770 uel
540 726 723 769 effectus
754 736 920 768 nexum
961 722 1186 780 quendam
1225 725 1438 767 artiorem
1478 724 1762 769 coniunctum
1796 738 1896 769 esse
1927 739 2020 770 nou
2051 731 2210 785 potest
2260 742 2353 773 m
2386 732 2506 786 eum,
2555 756 2558 759 Α

209 816 260 856 ut
292 824 423 857 usum
453 815 690 869 poetarum
724 823 753 852 a
787 807 902 853 ciris
942 812 1123 851 auctore
1164 810 1426 866 saepissime
1469 821 1780 866 expressorum
1814 815 1859 853 et
1888 823 2020 855 usum
2059 812 2191 856 huius
2228 813 2369 871 ipsius
2401 826 2504 861 en·
2568 853 2574 858 .
2644 848 2647 851 .

209 897 449 954 minemus,
480 895 592 940 illud
624 895 712 939 loci
746 893 1011 938 aduerbium
1043 909 1131 953 qua
1166 895 1285 953 apud
1321 894 1544 939 Catullum
1577 907 1757 953 semper
1789 898 1866 950 (cf.
1901 898 1981 955 11,
2016 898 2060 943 7.
2092 900 2256 956 fragm.
2293 900 2336 956 1,
2372 899 2415 944 2.
2442 923 2503 932 —-—

210 983 297 1039 64,
319 983 397 1027 42.
422 983 499 1038 67,
522 982 583 1026 13
607 985 686 1031 -)
721 985 766 1024 et
788 980 908 1039 apud
928 981 1173 1038 Vergilium
1205 994 1352 1038 paene
1386 994 1563 1038 semper
1595 980 1754 1025 modus
1786 981 2054 1027 indicatiuus
2088 985 2280 1042 excipiat
2308 986 2369 1037 [si
2389 985 2503 1029 nihil

212 1070 444 1126 praeterii,
493 1069 720 1126 Vergilius
752 1068 870 1110 inter
903 1068 1224 1124 quinquaginta
1263 1068 1359 1110 fere
1377 1054 1608 1133 ²exemplu.
1648 1066 1765 1110 illius
1810 1067 2012 1111 aduerbii
2051 1070 2137 1112 loci
2177 1083 2267 1113 non
2310 1069 2502 1127 amplius

209 1149 369 1222 quater
401 1154 591 1198 uoculae
624 1168 713 1211 qua
755 1154 1086 1197 coniunctiuum
1120 1151 1348 1196 adiunxit:
1400 1153 1478 1197 sed
1512 1155 1558 1197 in
1592 1154 1661 1197 h'is
1695 1157 1904 1210 quattuor
1937 1154 2151 1212 exemplis
2190 1156 2500 1199 coniunen'uus

208 1241 424 1284 orationis
458 1243 666 1284 contextu
698 1241 954 1283 necessario
987 1240 1275 1297 postulatur),
1325 1253 1470 1297 neque
1517 1240 1646 1283 aliter
1672 1239 1793 1284 Ciris
1837 1245 1985 1298 poeta,
2036 1241 2112 1284 ubi
2153 1247 2390 1299 praeterea
2421 1241 2500 1285 illo

212 1326 433 1369 uocabulo
476 1326 627 1381 utitur,
669 1324 960 1369 indicatiuum
999 1326 1064 1368 illi
1099 1324 1360 1369 adnexuerit
1401 1326 1476 1376 (cf.
1513 1338 1557 1366 u.
1595 1325 1699 1368 216.
1741 1326 1849 1368 413.
1893 1326 2001 1369 499.
2045 1327 2139 1370 540
2178 1350 2239 1356 —
2276 1327 2367 1369 538
2400 1327 2500 1383 -),

209 1410 482 1453 arbitramur
514 1415 695 1468 poetam
729 1410 837 1453 olim
870 1411 1122 1466 scripsisse:

1756 1518 1792 1551 et
1818 1527 1896 1563 qua

906 1589 1078 1628 candida
1104 1601 1305 1628 concessos
1330 1589 1587 1627 adscendit
1613 1589 1706 1628 ciris
1733 1590 1899 1628 honores

800 1730 878 1769 206
905 1729 1180 1791 iamque-adeo
1209 1727 1315 1767 dulci
1342 1728 1544 1767 deuinctus
1572 1727 1722 1766 lumina
1748 1741 1883 1767 somno
1912 1759 1922 1768 .
1952 1759 1961 1768 .
1992 1759 2000 1768 .
2032 1759 2040 1767 .

796 1827 874 1865 209
902 1839 991 1863 cum
1007 1826 1157 1875 furtim
1185 1831 1235 1863 ta
1245 1826 1338 1864 cito
1365 1826 1597 1863 descendens
1625 1824 1761 1875 Scylla
1797 1838 1815 1862 c
1825 1838 1849 1861 u
1859 1824 1957 1864 bili.

203 1925 258 1968 cf.
295 1924 457 1969 Catulli
493 1925 568 1981 64,
604 1925 696 1969 122
735 1959 745 1969 .
784 1960 794 1969 .
831 1959 841 1968 .
875 1931 955 1967 aut
992 1931 1041 1967 ut
1074 1939 1170 1967 eam
1221 1924 1472 1969 deuinctam
1524 1923 1696 1967 lumina
1745 1938 1895 1967 somno
1954 1929 1997 1966 et
2047 1924 2097 1978 6,
2151 1923 2174 1965 7
2228 1919 2496 1979 nequiquam

202 2010 425 2054 tacitum
459 2009 625 2053 cubile
660 2010 833 2054 clamat.

794 2128 870 2167 213
899 2127 1096 2177 eyreditur
1112 2126 1303 2176 ferroque
1330 2137 1473 2162 manus
1500 2128 1659 2162 armata
1689 2121 1830 2161 bidenti

895 2200 1040 2240 euolat.-
1662 2197 1665 2199 ’

203 2320 405 2363 offendor
439 2334 574 2377 quam
606 2323 800 2364 maxime
835 2322 913 2363 illa
946 2322 1096 2363 ieiuna
1137 2322 1402 2378 repetitione
1447 2317 1668 2378 eyreditur
1702 2324 1739 2360 et
1773 2316 1915 2360 euolat
1947 2330 2004 2359 ne
2038 2317 2115 2359 tali
2149 2315 2328 2372 quidem
2362 2318 2495 2370 poeta

207 2407 357 2463 digna.
426 2407 607 2449 tolerari
641 2413 811 2463 posset:
878 2406 1119 2462 ‘egreditur
1154 2412 1197 2449 et
1231 2412 1405 2449 armata
1439 2404 1616 2461 quidem
1652 2404 1889 2460 egreditur'
1921 2403 1994 2445 uel
2035 2402 2178 2445 simile
2230 2400 2346 2457 quid.
2415 2398 2493 2441 sed

198 2493 387 2534 uariatio
422 2492 500 2535 illa
534 2491 758 2549 cyr-editur
793 2498 835 2535 et
869 2491 1010 2535 euolat
1042 2492 1330 2547 frigidissima
1380 2497 1458 2534 est.
1527 2490 1731 2547 equidem
1766 2503 1818 2531 σω
1853 2490 2227 2546 praepositionem
2272 2486 2327 2527 ab
2365 2486 2490 2527 initio

197 2590 354 2620 uersus
397 2579 487 2622 214
528 2574 670 2619 e'uolat
704 2580 749 2620 in
784 2580 957 2622 initium
999 2580 1187 2636 proximi
1232 2591 1384 2621 errore
1418 2578 1654 2633 irrepsisse
1688 2580 1731 2618 et
1764 2581 1942 2632 poeta-m
1977 2576 2040 2617 sic
2074 2575 2218 2630 potius
2263 2571 2492 2626 scripsisse

196 2665 447 2723 putauerim
464 2678 473 2706 :

903 2761 931 2796 p
940 2761 964 2783 r
973 2759 993 2783 o
1000 2759 1027 2795 9
1035 2761 1059 2784 r
1068 2760 1086 2784 e
1095 2746 1144 2783 di
1153 2752 1166 2782 t
1176 2760 1203 2782 u
1212 2760 1235 2782 r
1252 2747 1440 2794 ferroque
1467 2756 1607 2781 manus
1634 2749 1793 2780 armata
1821 2743 1964 2780 bidenti

903 2821 1041 2859 euolat.

198 2945 290 2987 iam
326 2943 478 2987 omnia
512 2943 625 2986 bene
660 2956 708 2986 se
747 2942 927 2987 habent.
997 2943 1149 2999 Scylla
1190 2942 1307 2985 cla-m
1354 2940 1515 2984 Carme
1549 2944 1721 2983 nutrice
1754 2939 1869 2981 lecto
1902 2937 2055 2980 relicto
2090 2937 2275 2979 immota
2307 2936 2352 2976 in
2387 2933 2489 2976 loco

198 3031 392 3074 constitit
426 3029 730 3072 auscultatura
754 3030 791 3072 si
815 3042 930 3085 quae
966 3029 1145 3072 conatui
1174 3042 1253 3073 suo
1288 3028 1542 3084 periculosa
1575 3039 1655 3083 per
1689 3027 1858 3082 regiam
1893 3026 2203 3067 mouerentur:
2235 3026 2326 3063 tum
2353 3017 2491 3074 (212)

198 3132 299 3162 cum
343 3118 490 3161 omnia
536 3115 713 3159 silentia
750 3119 932 3171 tutaque
976 3127 1074 3157 esse
1113 3115 1372 3171 opinaretur
1432 3113 1725 3170 inprimisque
1765 3109 1958 3155 Carmen
2007 3107 2227 3151 nutricem
2278 3105 2490 3160 dormire,

190 3218 400 3262 suspensa
419 3202 570 3246 leuans
587 3199 734 3260 diyitis
750 3200 934 3260 uestiyia
950 3199 1112 3258 primis
1134 3202 1253 3245 intra
1271 3201 1522 3244 cubiculum
1542 3197 1857 3255 pedetemptim
1874 3206 2113 3252 progressa
2133 3197 2214 3245 est,
2238 3189 2489 3246 deindeque

193 3292 348 3335 forfice
373 3291 503 3333 simu]
528 3290 679 3333 ablata
702 3303 726 3333 e
751 3289 955 3333 conclaui
979 3288 1189 3332 euolauit.
1246 3286 1325 3331 sed
1352 3284 1584 3329 cardinum
1608 3282 1797 3328 stridore
1820 3282 1969 3327 nutrix
1991 3282 2251 3337 experrecta
2279 3280 2358 3319 est.

2205 3361 2225 3392 5
