<?xml version="1.0" encoding="UTF-8"?>
<!DOCTYPE html PUBLIC "-//W3C//DTD XHTML 1.0 Transitional//EN"
    "http://www.w3.org/TR/xhtml1/DTD/xhtml1-transitional.dtd">
<html xmlns="http://www.w3.org/1999/xhtml" xml:lang="en" lang="en">
 <head>
  <title>
</title>
<meta http-equiv="Content-Type" content="text/html;charset=utf-8" />
  <meta name='ocr-system' content='tesseract 3.04.00' />
  <meta name='ocr-capabilities' content='ocr_page ocr_carea ocr_par ocr_line ocrx_word'/>
</head>
<body>
  <div class='ocr_page' id='page_1' title='image "4777375_0009.png"; bbox 0 0 2796 3432; ppageno 0'>
   <div class='ocr_carea' id='block_1_1' title="bbox 259 948 2562 2757">
    <p class='ocr_par' dir='ltr' id='par_1_1' title="bbox 263 948 2562 1391">
     <span class='ocr_line' id='line_1_1' title="bbox 458 948 2562 1051; baseline -0.002 -13"><span class='ocrx_word' id='word_1_1' title='bbox 458 948 696 1047; x_wconf 59' lang='lat' dir='ltr'><strong>Quotiens</strong></span> <span class='ocrx_word' id='word_1_2' title='bbox 729 1007 810 1051; x_wconf 91' lang='lat' dir='ltr'><strong>per</strong></span> <span class='ocrx_word' id='word_1_3' title='bbox 833 993 920 1036; x_wconf 90' lang='lat' dir='ltr'><strong>hoc</strong></span> <span class='ocrx_word' id='word_1_4' title='bbox 939 997 1159 1036; x_wconf 79' lang='lat' dir='ltr'><strong>semestre</strong></span> <span class='ocrx_word' id='word_1_5' title='bbox 1183 993 1373 1035; x_wconf 84' lang='lat' dir='ltr'>carmini</span> <span class='ocrx_word' id='word_1_6' title='bbox 1407 990 1525 1049; x_wconf 90' lang='lat' dir='ltr'><strong>quod</strong></span> <span class='ocrx_word' id='word_1_7' title='bbox 1562 990 1675 1034; x_wconf 89' lang='lat' dir='ltr'><strong>Ciris</strong></span> <span class='ocrx_word' id='word_1_8' title='bbox 1709 990 1964 1033; x_wconf 78' lang='lat' dir='ltr'><strong>inscribitur</strong></span> <span class='ocrx_word' id='word_1_9' title='bbox 1983 989 2334 1046; x_wconf 71' lang='lat' dir='ltr'><strong>interpretando,</strong></span> <span class='ocrx_word' id='word_1_10' title='bbox 2370 990 2562 1034; x_wconf 85' lang='lat' dir='ltr'><strong>Commi-</strong></span> 
     </span>
     <span class='ocr_line' id='line_1_2' title="bbox 263 1075 2558 1134; baseline -0.003 -7"><span class='ocrx_word' id='word_1_11' title='bbox 263 1082 427 1127; x_wconf 79' lang='lat' dir='ltr'><strong>litones</strong></span> <span class='ocrx_word' id='word_1_12' title='bbox 460 1079 798 1134; x_wconf 80' lang='lat' dir='ltr'><strong>Humanissimi,</strong></span> <span class='ocrx_word' id='word_1_13' title='bbox 830 1079 1002 1121; x_wconf 90' lang='lat' dir='ltr'><strong>uiribus</strong></span> <span class='ocrx_word' id='word_1_14' title='bbox 1036 1078 1223 1121; x_wconf 84' lang='lat' dir='ltr'><strong>conlatis</strong></span> <span class='ocrx_word' id='word_1_15' title='bbox 1257 1090 1444 1133; x_wconf 78' lang='lat' dir='ltr'><strong>operam</strong></span> <span class='ocrx_word' id='word_1_16' title='bbox 1478 1075 1712 1131; x_wconf 77' lang='lat' dir='ltr'><strong>dabamus,</strong></span> <span class='ocrx_word' id='word_1_17' title='bbox 1746 1077 1904 1118; x_wconf 89' lang='lat' dir='ltr'><strong>totiens</strong></span> <span class='ocrx_word' id='word_1_18' title='bbox 1946 1077 2041 1118; x_wconf 87' lang='lat' dir='ltr'><strong>fieri</strong></span> <span class='ocrx_word' id='word_1_19' title='bbox 2074 1089 2165 1118; x_wconf 92' lang='lat' dir='ltr'><strong>non</strong></span> <span class='ocrx_word' id='word_1_20' title='bbox 2198 1077 2341 1131; x_wconf 88' lang='lat' dir='ltr'><strong>potuit</strong></span> <span class='ocrx_word' id='word_1_21' title='bbox 2373 1078 2480 1133; x_wconf 91' lang='lat' dir='ltr'><strong>quin</strong></span> <span class='ocrx_word' id='word_1_22' title='bbox 2507 1079 2558 1119; x_wconf 91' lang='lat' dir='ltr'><strong>·in</strong></span> 
     </span>
     <span class='ocr_line' id='line_1_3' title="bbox 265 1161 2557 1223; baseline -0.002 -15"><span class='ocrx_word' id='word_1_23' title='bbox 265 1179 422 1208; x_wconf 86' lang='lat' dir='ltr'><strong>uersus</strong></span> <span class='ocrx_word' id='word_1_24' title='bbox 455 1164 754 1207; x_wconf 85' lang='lat' dir='ltr'><strong>incideremus</strong></span> <span class='ocrx_word' id='word_1_25' title='bbox 789 1177 900 1220; x_wconf 91' lang='lat' dir='ltr'><strong>quos</strong></span> <span class='ocrx_word' id='word_1_26' title='bbox 932 1165 1130 1218; x_wconf 89' lang='lat' dir='ltr'><strong>integros</strong></span> <span class='ocrx_word' id='word_1_27' title='bbox 1172 1167 1248 1204; x_wconf 84' lang='lat' dir='ltr'><strong>aut</strong></span> <span class='ocrx_word' id='word_1_28' title='bbox 1295 1176 1482 1223; x_wconf 87' lang='lat' dir='ltr'><strong>quorum</strong></span> <span class='ocrx_word' id='word_1_29' title='bbox 1516 1165 1691 1217; x_wconf 87' lang='lat' dir='ltr'><strong>partem</strong></span> <span class='ocrx_word' id='word_1_30' title='bbox 1725 1161 1920 1216; x_wconf 80' lang='lat' dir='ltr'><strong>aliquam</strong></span> <span class='ocrx_word' id='word_1_31' title='bbox 1964 1163 2153 1217; x_wconf 85' lang='lat' dir='ltr'><strong>scriptor</strong></span> <span class='ocrx_word' id='word_1_32' title='bbox 2185 1162 2302 1204; x_wconf 85' lang='lat' dir='ltr'><strong>illius</strong></span> <span class='ocrx_word' id='word_1_33' title='bbox 2336 1164 2557 1217; x_wconf 87' lang='lat' dir='ltr'><strong>poematis</strong></span> 
     </span>
     <span class='ocr_line' id='line_1_4' title="bbox 265 1248 2557 1304; baseline -0.001 -12"><span class='ocrx_word' id='word_1_34' title='bbox 265 1263 358 1292; x_wconf 89' lang='lat' dir='ltr'><strong>non</strong></span> <span class='ocrx_word' id='word_1_35' title='bbox 391 1264 482 1292; x_wconf 93' lang='lat' dir='ltr'><strong>uno</strong></span> <span class='ocrx_word' id='word_1_36' title='bbox 515 1252 697 1292; x_wconf 89' lang='lat' dir='ltr'><strong>nomine</strong></span> <span class='ocrx_word' id='word_1_37' title='bbox 733 1248 866 1291; x_wconf 86' lang='lat' dir='ltr'><strong>ualde</strong></span> <span class='ocrx_word' id='word_1_38' title='bbox 898 1249 1204 1290; x_wconf 91' lang='lat' dir='ltr'><strong>memorabilis</strong></span> <span class='ocrx_word' id='word_1_39' title='bbox 1228 1261 1282 1290; x_wconf 85' lang='lat' dir='ltr'><strong>ex</strong></span> <span class='ocrx_word' id='word_1_40' title='bbox 1303 1253 1537 1304; x_wconf 88' lang='lat' dir='ltr'><strong>poetarum</strong></span> <span class='ocrx_word' id='word_1_41' title='bbox 1562 1248 1753 1288; x_wconf 85' lang='lat' dir='ltr'><strong>aliorum</strong></span> <span class='ocrx_word' id='word_1_42' title='bbox 1777 1248 2047 1289; x_wconf 85' lang='lat' dir='ltr'><strong>carminibus</strong></span> <span class='ocrx_word' id='word_1_43' title='bbox 2072 1249 2116 1288; x_wconf 92' lang='lat' dir='ltr'><strong>in</strong></span> <span class='ocrx_word' id='word_1_44' title='bbox 2141 1260 2269 1289; x_wconf 92' lang='lat' dir='ltr'><strong>suum</strong></span> <span class='ocrx_word' id='word_1_45' title='bbox 2294 1248 2557 1303; x_wconf 88' lang='lat' dir='ltr'><strong>opusculum</strong></span> 
     </span>
     <span class='ocr_line' id='line_1_5' title="bbox 263 1333 2143 1391; baseline -0.002 -14"><span class='ocrx_word' id='word_1_46' title='bbox 263 1335 489 1377; x_wconf 81' lang='lat' dir='ltr'><strong>transtulit</strong></span> <span class='ocrx_word' id='word_1_47' title='bbox 523 1339 599 1377; x_wconf 87' lang='lat' dir='ltr'><strong>aut</strong></span> <span class='ocrx_word' id='word_1_48' title='bbox 632 1348 745 1391; x_wconf 88' lang='lat' dir='ltr'><strong>quos</strong></span> <span class='ocrx_word' id='word_1_49' title='bbox 781 1334 838 1377; x_wconf 89' lang='lat' dir='ltr'><strong>ad</strong></span> <span class='ocrx_word' id='word_1_50' title='bbox 872 1334 1101 1390; x_wconf 87' lang='lat' dir='ltr'><strong>exemplar</strong></span> <span class='ocrx_word' id='word_1_51' title='bbox 1134 1333 1292 1376; x_wconf 85' lang='lat' dir='ltr'><strong>saltem</strong></span> <span class='ocrx_word' id='word_1_52' title='bbox 1327 1335 1547 1384; x_wconf 81' lang='lat' dir='ltr'><strong>certorum</strong></span> <span class='ocrx_word' id='word_1_53' title='bbox 1583 1344 1795 1374; x_wconf 90' lang='lat' dir='ltr'><strong>uersuum</strong></span> <span class='ocrx_word' id='word_1_54' title='bbox 1835 1333 2143 1374; x_wconf 89' lang='lat' dir='ltr'><strong>conformauit.</strong></span> 
     </span>
    </p>

    <p class='ocr_par' dir='ltr' id='par_1_2' title="bbox 261 1416 2554 1730">
     <span class='ocr_line' id='line_1_6' title="bbox 456 1416 2550 1477; baseline -0.001 -12"><span class='ocrx_word' id='word_1_55' title='bbox 456 1422 602 1477; x_wconf 87' lang='lat' dir='ltr'><strong>Atque</strong></span> <span class='ocrx_word' id='word_1_56' title='bbox 634 1419 757 1463; x_wconf 85' lang='lat' dir='ltr'><strong>Cirin</strong></span> <span class='ocrx_word' id='word_1_57' title='bbox 780 1420 856 1475; x_wconf 92' lang='lat' dir='ltr'><strong>qui</strong></span> <span class='ocrx_word' id='word_1_58' title='bbox 878 1420 1055 1476; x_wconf 88' lang='lat' dir='ltr'><strong>scripsit</strong></span> <span class='ocrx_word' id='word_1_59' title='bbox 1077 1432 1212 1475; x_wconf 86' lang='lat' dir='ltr'><strong>quam</strong></span> <span class='ocrx_word' id='word_1_60' title='bbox 1235 1418 1429 1474; x_wconf 86' lang='lat' dir='ltr'><strong>plurima</strong></span> <span class='ocrx_word' id='word_1_61' title='bbox 1451 1432 1479 1460; x_wconf 88' lang='lat' dir='ltr'><strong>a</strong></span> <span class='ocrx_word' id='word_1_62' title='bbox 1503 1416 1677 1460; x_wconf 84' lang='lat' dir='ltr'><strong>Catullo</strong></span> <span class='ocrx_word' id='word_1_63' title='bbox 1702 1417 1988 1474; x_wconf 85' lang='lat' dir='ltr'><strong>Vergilioque</strong></span> <span class='ocrx_word' id='word_1_64' title='bbox 2011 1419 2254 1474; x_wconf 87' lang='lat' dir='ltr'><strong>sumpsisse</strong></span> <span class='ocrx_word' id='word_1_65' title='bbox 2278 1431 2550 1475; x_wconf 89' lang='lat' dir='ltr'><strong>quamquam</strong></span> 
     </span>
     <span class='ocr_line' id='line_1_7' title="bbox 262 1502 2554 1562; baseline -0.002 -12"><span class='ocrx_word' id='word_1_66' title='bbox 262 1506 490 1550; x_wconf 90' lang='lat' dir='ltr'><strong>neminem</strong></span> <span class='ocrx_word' id='word_1_67' title='bbox 523 1504 701 1548; x_wconf 91' lang='lat' dir='ltr'><strong>doctum</strong></span> <span class='ocrx_word' id='word_1_68' title='bbox 736 1517 948 1562; x_wconf 88' lang='lat' dir='ltr'><strong>umquam</strong></span> <span class='ocrx_word' id='word_1_69' title='bbox 982 1505 1136 1561; x_wconf 88' lang='lat' dir='ltr'><strong>fugere</strong></span> <span class='ocrx_word' id='word_1_70' title='bbox 1169 1504 1377 1561; x_wconf 80' lang='lat' dir='ltr'><strong>potuerit,</strong></span> <span class='ocrx_word' id='word_1_71' title='bbox 1420 1505 1571 1546; x_wconf 89' lang='lat' dir='ltr'><strong>tamen</strong></span> <span class='ocrx_word' id='word_1_72' title='bbox 1605 1516 1721 1560; x_wconf 89' lang='lat' dir='ltr'><strong>quae</strong></span> <span class='ocrx_word' id='word_1_73' title='bbox 1764 1502 1839 1545; x_wconf 91' lang='lat' dir='ltr'><strong>ille</strong></span> <span class='ocrx_word' id='word_1_74' title='bbox 1874 1503 2112 1559; x_wconf 88' lang='lat' dir='ltr'><strong>sumpserit</strong></span> <span class='ocrx_word' id='word_1_75' title='bbox 2156 1502 2302 1545; x_wconf 88' lang='lat' dir='ltr'><strong>adhuc</strong></span> <span class='ocrx_word' id='word_1_76' title='bbox 2347 1508 2554 1547; x_wconf 87' lang='lat' dir='ltr'><strong>accurate</strong></span> 
     </span>
     <span class='ocr_line' id='line_1_8' title="bbox 261 1588 2554 1646; baseline -0.001 -12"><span class='ocrx_word' id='word_1_77' title='bbox 261 1588 464 1635; x_wconf 88' lang='lat' dir='ltr'><strong>nondum</strong></span> <span class='ocrx_word' id='word_1_78' title='bbox 498 1603 596 1633; x_wconf 89' lang='lat' dir='ltr'><strong>esse</strong></span> <span class='ocrx_word' id='word_1_79' title='bbox 639 1589 942 1633; x_wconf 84' lang='lat' dir='ltr'><strong>demonstrata</strong></span> <span class='ocrx_word' id='word_1_80' title='bbox 977 1590 1156 1646; x_wconf 86' lang='lat' dir='ltr'><strong>saepius</strong></span> <span class='ocrx_word' id='word_1_81' title='bbox 1197 1602 1350 1631; x_wconf 89' lang='lat' dir='ltr'><strong>coram</strong></span> <span class='ocrx_word' id='word_1_82' title='bbox 1383 1588 1522 1630; x_wconf 88' lang='lat' dir='ltr'><strong>Vobis</strong></span> <span class='ocrx_word' id='word_1_83' title='bbox 1565 1588 1671 1630; x_wconf 77' lang='lat' dir='ltr'><strong>dixi:</strong></span> <span class='ocrx_word' id='word_1_84' title='bbox 1717 1588 1803 1630; x_wconf 92' lang='lat' dir='ltr'><strong>hoc</strong></span> <span class='ocrx_word' id='word_1_85' title='bbox 1838 1592 1985 1630; x_wconf 86' lang='lat' dir='ltr'><strong>autem</strong></span> <span class='ocrx_word' id='word_1_86' title='bbox 2027 1589 2153 1643; x_wconf 84' lang='lat' dir='ltr'><strong>sciri,</strong></span> <span class='ocrx_word' id='word_1_87' title='bbox 2203 1592 2249 1630; x_wconf 88' lang='lat' dir='ltr'><strong>ut</strong></span> <span class='ocrx_word' id='word_1_88' title='bbox 2299 1588 2353 1630; x_wconf 87' lang='lat' dir='ltr'><strong>de</strong></span> <span class='ocrx_word' id='word_1_89' title='bbox 2395 1594 2554 1645; x_wconf 87' lang='lat' dir='ltr'><strong>poetae</strong></span> 
     </span>
     <span class='ocr_line' id='line_1_9' title="bbox 265 1672 2418 1730; baseline -0.001 -11"><span class='ocrx_word' id='word_1_90' title='bbox 265 1679 363 1720; x_wconf 85' lang='lat' dir='ltr'><strong>arte</strong></span> <span class='ocrx_word' id='word_1_91' title='bbox 397 1676 492 1719; x_wconf 90' lang='lat' dir='ltr'><strong>siue</strong></span> <span class='ocrx_word' id='word_1_92' title='bbox 525 1675 676 1719; x_wconf 85' lang='lat' dir='ltr'><strong>uerius</strong></span> <span class='ocrx_word' id='word_1_93' title='bbox 711 1673 875 1719; x_wconf 83' lang='lat' dir='ltr'><strong>dixeris</strong></span> <span class='ocrx_word' id='word_1_94' title='bbox 907 1675 1069 1718; x_wconf 84' lang='lat' dir='ltr'><strong>inertia</strong></span> <span class='ocrx_word' id='word_1_95' title='bbox 1102 1677 1223 1718; x_wconf 87' lang='lat' dir='ltr'><strong>recte</strong></span> <span class='ocrx_word' id='word_1_96' title='bbox 1258 1676 1301 1717; x_wconf 93' lang='lat' dir='ltr'><strong>et</strong></span> <span class='ocrx_word' id='word_1_97' title='bbox 1333 1673 1466 1730; x_wconf 91' lang='lat' dir='ltr'><strong>plene</strong></span> <span class='ocrx_word' id='word_1_98' title='bbox 1500 1672 1732 1728; x_wconf 75' lang='lat' dir='ltr'><strong>iudicetur,</strong></span> <span class='ocrx_word' id='word_1_99' title='bbox 1767 1686 1855 1716; x_wconf 90' lang='lat' dir='ltr'><strong>non</strong></span> <span class='ocrx_word' id='word_1_100' title='bbox 1889 1673 2018 1729; x_wconf 85' lang='lat' dir='ltr'><strong>parui</strong></span> <span class='ocrx_word' id='word_1_101' title='bbox 2054 1686 2150 1716; x_wconf 88' lang='lat' dir='ltr'><strong>esse</strong></span> <span class='ocrx_word' id='word_1_102' title='bbox 2189 1675 2418 1717; x_wconf 90' lang='lat' dir='ltr'><strong>momenti.</strong></span> 
     </span>
    </p>

    <p class='ocr_par' dir='ltr' id='par_1_3' title="bbox 259 1757 2556 2231">
     <span class='ocr_line' id='line_1_10' title="bbox 454 1757 2555 1816; baseline -0.001 -12"><span class='ocrx_word' id='word_1_103' title='bbox 454 1761 551 1804; x_wconf 84' lang='lat' dir='ltr'><strong>Iam</strong></span> <span class='ocrx_word' id='word_1_104' title='bbox 586 1773 685 1803; x_wconf 94' lang='lat' dir='ltr'><strong>cum</strong></span> <span class='ocrx_word' id='word_1_105' title='bbox 711 1772 791 1816; x_wconf 91' lang='lat' dir='ltr'><strong>per</strong></span> <span class='ocrx_word' id='word_1_106' title='bbox 814 1760 1071 1804; x_wconf 88' lang='lat' dir='ltr'><strong>scholarum</strong></span> <span class='ocrx_word' id='word_1_107' title='bbox 1104 1761 1302 1803; x_wconf 85' lang='lat' dir='ltr'><strong>rationes</strong></span> <span class='ocrx_word' id='word_1_108' title='bbox 1335 1758 1446 1801; x_wconf 91' lang='lat' dir='ltr'><strong>mihi</strong></span> <span class='ocrx_word' id='word_1_109' title='bbox 1479 1771 1568 1801; x_wconf 93' lang='lat' dir='ltr'><strong>non</strong></span> <span class='ocrx_word' id='word_1_110' title='bbox 1602 1758 1735 1801; x_wconf 89' lang='lat' dir='ltr'><strong>liceat</strong></span> <span class='ocrx_word' id='word_1_111' title='bbox 1759 1757 1841 1800; x_wconf 91' lang='lat' dir='ltr'><strong>has</strong></span> <span class='ocrx_word' id='word_1_112' title='bbox 1873 1760 2156 1814; x_wconf 82' lang='lat' dir='ltr'><strong>quaestiones</strong></span> <span class='ocrx_word' id='word_1_113' title='bbox 2190 1772 2281 1801; x_wconf 90' lang='lat' dir='ltr'><strong>una</strong></span> <span class='ocrx_word' id='word_1_114' title='bbox 2313 1759 2555 1802; x_wconf 88' lang='lat' dir='ltr'><strong>Vobiscum</strong></span> 
     </span>
     <span class='ocr_line' id='line_1_11' title="bbox 261 1841 2552 1901; baseline -0.001 -13"><span class='ocrx_word' id='word_1_115' title='bbox 261 1847 307 1889; x_wconf 90' lang='lat' dir='ltr'><strong>in</strong></span> <span class='ocrx_word' id='word_1_116' title='bbox 332 1846 575 1889; x_wconf 87' lang='lat' dir='ltr'><strong>seminario</strong></span> <span class='ocrx_word' id='word_1_117' title='bbox 609 1849 763 1888; x_wconf 90' lang='lat' dir='ltr'><strong>nostro</strong></span> <span class='ocrx_word' id='word_1_118' title='bbox 788 1845 1038 1900; x_wconf 79' lang='lat' dir='ltr'><strong>absoluere,</strong></span> <span class='ocrx_word' id='word_1_119' title='bbox 1064 1857 1229 1901; x_wconf 84' lang='lat' dir='ltr'><strong>operae</strong></span> <span class='ocrx_word' id='word_1_120' title='bbox 1251 1845 1443 1901; x_wconf 88' lang='lat' dir='ltr'><strong>pretium</strong></span> <span class='ocrx_word' id='word_1_121' title='bbox 1465 1856 1537 1886; x_wconf 91' lang='lat' dir='ltr'><strong>me</strong></span> <span class='ocrx_word' id='word_1_122' title='bbox 1561 1844 1781 1886; x_wconf 83' lang='lat' dir='ltr'><strong>facturum</strong></span> <span class='ocrx_word' id='word_1_123' title='bbox 1813 1841 1930 1898; x_wconf 75' lang='lat' dir='ltr'><strong>duxi,</strong></span> <span class='ocrx_word' id='word_1_124' title='bbox 1958 1847 1996 1886; x_wconf 88' lang='lat' dir='ltr'><strong>si</strong></span> <span class='ocrx_word' id='word_1_125' title='bbox 2019 1843 2104 1886; x_wconf 89' lang='lat' dir='ltr'><strong>hac</strong></span> <span class='ocrx_word' id='word_1_126' title='bbox 2127 1844 2307 1899; x_wconf 89' lang='lat' dir='ltr'><strong>publica</strong></span> <span class='ocrx_word' id='word_1_127' title='bbox 2329 1842 2552 1886; x_wconf 87' lang='lat' dir='ltr'><strong>scribendi</strong></span> 
     </span>
     <span class='ocr_line' id='line_1_12' title="bbox 262 1929 2556 1988; baseline -0.001 -14"><span class='ocrx_word' id='word_1_128' title='bbox 262 1932 501 1975; x_wconf 86' lang='lat' dir='ltr'><strong>occasione</strong></span> <span class='ocrx_word' id='word_1_129' title='bbox 536 1932 688 1974; x_wconf 86' lang='lat' dir='ltr'><strong>oblata</strong></span> <span class='ocrx_word' id='word_1_130' title='bbox 722 1932 849 1987; x_wconf 86' lang='lat' dir='ltr'><strong>quasi</strong></span> <span class='ocrx_word' id='word_1_131' title='bbox 883 1931 1242 1988; x_wconf 91' lang='lat' dir='ltr'><strong>supplementum</strong></span> <span class='ocrx_word' id='word_1_132' title='bbox 1276 1929 1501 1986; x_wconf 88' lang='lat' dir='ltr'><strong>quoddam</strong></span> <span class='ocrx_word' id='word_1_133' title='bbox 1535 1931 1901 1973; x_wconf 85' lang='lat' dir='ltr'><strong>exercitationum</strong></span> <span class='ocrx_word' id='word_1_134' title='bbox 1935 1930 2064 1973; x_wconf 89' lang='lat' dir='ltr'><strong>huius</strong></span> <span class='ocrx_word' id='word_1_135' title='bbox 2100 1931 2324 1973; x_wconf 89' lang='lat' dir='ltr'><strong>semestris</strong></span> <span class='ocrx_word' id='word_1_136' title='bbox 2366 1930 2556 1986; x_wconf 88' lang='lat' dir='ltr'><strong>philolo-</strong></span> 
     </span>
     <span class='ocr_line' id='line_1_13' title="bbox 260 2016 2547 2072; baseline -0.001 -13"><span class='ocrx_word' id='word_1_137' title='bbox 260 2031 420 2072; x_wconf 87' lang='lat' dir='ltr'><strong>garum</strong></span> <span class='ocrx_word' id='word_1_138' title='bbox 445 2017 718 2059; x_wconf 86' lang='lat' dir='ltr'><strong>exhibiturus</strong></span> <span class='ocrx_word' id='word_1_139' title='bbox 743 2017 797 2059; x_wconf 90' lang='lat' dir='ltr'><strong>de</strong></span> <span class='ocrx_word' id='word_1_140' title='bbox 822 2017 935 2061; x_wconf 84' lang='lat' dir='ltr'><strong>Ciris</strong></span> <span class='ocrx_word' id='word_1_141' title='bbox 959 2021 1093 2072; x_wconf 90' lang='lat' dir='ltr'><strong>poeta</strong></span> <span class='ocrx_word' id='word_1_142' title='bbox 1116 2016 1279 2059; x_wconf 85' lang='lat' dir='ltr'><strong>Catulli</strong></span> <span class='ocrx_word' id='word_1_143' title='bbox 1302 2017 1522 2058; x_wconf 75' lang='lat' dir='ltr'><strong>imitatore</strong></span> <span class='ocrx_word' id='word_1_144' title='bbox 1546 2016 1828 2070; x_wconf 83' lang='lat' dir='ltr'><strong>dissererem,</strong></span> <span class='ocrx_word' id='word_1_145' title='bbox 1864 2030 1918 2059; x_wconf 87' lang='lat' dir='ltr'><strong>ea</strong></span> <span class='ocrx_word' id='word_1_146' title='bbox 1941 2023 2090 2058; x_wconf 87' lang='lat' dir='ltr'><strong>tamen</strong></span> <span class='ocrx_word' id='word_1_147' title='bbox 2115 2018 2248 2057; x_wconf 88' lang='lat' dir='ltr'><strong>uenia</strong></span> <span class='ocrx_word' id='word_1_148' title='bbox 2282 2017 2413 2058; x_wconf 92' lang='lat' dir='ltr'><strong>simul</strong></span> <span class='ocrx_word' id='word_1_149' title='bbox 2438 2017 2547 2058; x_wconf 83' lang='lat' dir='ltr'><strong>mihi</strong></span> 
     </span>
     <span class='ocr_line' id='line_1_14' title="bbox 260 2101 2549 2159; baseline 0 -14"><span class='ocrx_word' id='word_1_150' title='bbox 260 2107 440 2159; x_wconf 88' lang='lat' dir='ltr'><strong>sumpta</strong></span> <span class='ocrx_word' id='word_1_151' title='bbox 485 2107 531 2145; x_wconf 92' lang='lat' dir='ltr'><strong>ut</strong></span> <span class='ocrx_word' id='word_1_152' title='bbox 574 2103 637 2145; x_wconf 91' lang='lat' dir='ltr'><strong>illi</strong></span> <span class='ocrx_word' id='word_1_153' title='bbox 679 2102 967 2159; x_wconf 83' lang='lat' dir='ltr'><strong>disputationi</strong></span> <span class='ocrx_word' id='word_1_154' title='bbox 1007 2116 1152 2158; x_wconf 90' lang='lat' dir='ltr'><strong>pauca</strong></span> <span class='ocrx_word' id='word_1_155' title='bbox 1194 2102 1248 2145; x_wconf 91' lang='lat' dir='ltr'><strong>de</strong></span> <span class='ocrx_word' id='word_1_156' title='bbox 1289 2103 1397 2145; x_wconf 89' lang='lat' dir='ltr'><strong>locis</strong></span> <span class='ocrx_word' id='word_1_157' title='bbox 1444 2102 1611 2158; x_wconf 90' lang='lat' dir='ltr'><strong>aliquot</strong></span> <span class='ocrx_word' id='word_1_158' title='bbox 1650 2102 1970 2145; x_wconf 86' lang='lat' dir='ltr'><strong>difficilioribus</strong></span> <span class='ocrx_word' id='word_1_159' title='bbox 2012 2102 2221 2144; x_wconf 85' lang='lat' dir='ltr'><strong>carminis</strong></span> <span class='ocrx_word' id='word_1_160' title='bbox 2257 2101 2549 2145; x_wconf 90' lang='lat' dir='ltr'><strong>emendandis</strong></span> 
     </span>
     <span class='ocr_line' id='line_1_15' title="bbox 259 2188 520 2231; baseline 0.004 -1"><span class='ocrx_word' id='word_1_161' title='bbox 259 2188 520 2231; x_wconf 87' lang='lat' dir='ltr'><strong>insererem.</strong></span> 
     </span>
    </p>

    <p class='ocr_par' dir='ltr' id='par_1_4' title="bbox 455 2271 2555 2329">
     <span class='ocr_line' id='line_1_16' title="bbox 455 2271 2555 2329; baseline -0.001 -13"><span class='ocrx_word' id='word_1_162' title='bbox 455 2275 495 2316; x_wconf 93' lang='lat' dir='ltr'>A</span> <span class='ocrx_word' id='word_1_163' title='bbox 529 2273 730 2328; x_wconf 85' lang='lat' dir='ltr'><strong>Vergilio</strong></span> <span class='ocrx_word' id='word_1_164' title='bbox 766 2285 882 2329; x_wconf 88' lang='lat' dir='ltr'><strong>quae</strong></span> <span class='ocrx_word' id='word_1_165' title='bbox 915 2277 1050 2328; x_wconf 92' lang='lat' dir='ltr'><strong>poeta</strong></span> <span class='ocrx_word' id='word_1_166' title='bbox 1085 2271 1198 2316; x_wconf 84' lang='lat' dir='ltr'><strong>Ciris</strong></span> <span class='ocrx_word' id='word_1_167' title='bbox 1232 2277 1456 2315; x_wconf 84' lang='lat' dir='ltr'><strong>mutuatus</strong></span> <span class='ocrx_word' id='word_1_168' title='bbox 1491 2273 1546 2315; x_wconf 91' lang='lat' dir='ltr'><strong>sit</strong></span> <span class='ocrx_word' id='word_1_169' title='bbox 1579 2273 1667 2315; x_wconf 89' lang='lat' dir='ltr'><strong>alio</strong></span> <span class='ocrx_word' id='word_1_170' title='bbox 1709 2277 1910 2328; x_wconf 86' lang='lat' dir='ltr'><strong>tempore</strong></span> <span class='ocrx_word' id='word_1_171' title='bbox 1946 2286 2168 2329; x_wconf 80' lang='lat' dir='ltr'><strong>exponere</strong></span> <span class='ocrx_word' id='word_1_172' title='bbox 2208 2273 2252 2314; x_wconf 91' lang='lat' dir='ltr'><strong>in</strong></span> <span class='ocrx_word' id='word_1_173' title='bbox 2290 2274 2438 2315; x_wconf 90' lang='lat' dir='ltr'><strong>animo</strong></span> <span class='ocrx_word' id='word_1_174' title='bbox 2476 2279 2555 2314; x_wconf 88' lang='lat' dir='ltr'><strong>est.</strong></span> 
     </span>
    </p>

    <p class='ocr_par' dir='ltr' id='par_1_5' title="bbox 259 2358 2560 2757">
     <span class='ocr_line' id='line_1_17' title="bbox 453 2358 2557 2414; baseline -0 -14"><span class='ocrx_word' id='word_1_175' title='bbox 453 2359 523 2400; x_wconf 94' lang='lat' dir='ltr'><strong>De</strong></span> <span class='ocrx_word' id='word_1_176' title='bbox 570 2359 819 2400; x_wconf 89' lang='lat' dir='ltr'><strong>imitatione</strong></span> <span class='ocrx_word' id='word_1_177' title='bbox 864 2359 1107 2400; x_wconf 88' lang='lat' dir='ltr'><strong>catulliana</strong></span> <span class='ocrx_word' id='word_1_178' title='bbox 1139 2360 1185 2400; x_wconf 91' lang='lat' dir='ltr'><strong>in</strong></span> <span class='ocrx_word' id='word_1_179' title='bbox 1222 2358 1313 2401; x_wconf 85' lang='lat' dir='ltr'><strong>Ciri</strong></span> <span class='ocrx_word' id='word_1_180' title='bbox 1348 2360 1589 2414; x_wconf 88' lang='lat' dir='ltr'><strong>conspicua</strong></span> <span class='ocrx_word' id='word_1_181' title='bbox 1622 2363 1800 2414; x_wconf 88' lang='lat' dir='ltr'><strong>praeter</strong></span> <span class='ocrx_word' id='word_1_182' title='bbox 1833 2361 2096 2414; x_wconf 89' lang='lat' dir='ltr'><strong>interpretes</strong></span> <span class='ocrx_word' id='word_1_183' title='bbox 2131 2360 2411 2414; x_wconf 91' lang='lat' dir='ltr'><strong>superiorum</strong></span> <span class='ocrx_word' id='word_1_184' title='bbox 2452 2364 2557 2399; x_wconf 88' lang='lat' dir='ltr'><strong>tem-</strong></span> 
     </span>
     <span class='ocr_line' id='line_1_18' title="bbox 259 2440 2560 2502; baseline -0.001 -17"><span class='ocrx_word' id='word_1_185' title='bbox 259 2456 422 2500; x_wconf 89' lang='lat' dir='ltr'><strong>porum</strong></span> <span class='ocrx_word' id='word_1_186' title='bbox 460 2444 493 2484; x_wconf 95' lang='lat' dir='ltr'><strong>I.</strong></span> <span class='ocrx_word' id='word_1_187' title='bbox 538 2442 888 2497; x_wconf 76' lang='lat' dir='ltr'><strong>Schraderus1)</strong></span> <span class='ocrx_word' id='word_1_188' title='bbox 946 2443 994 2486; x_wconf 88' lang='lat' dir='ltr'><strong>C.</strong></span> <span class='ocrx_word' id='word_1_189' title='bbox 1045 2443 1097 2487; x_wconf 77' lang='lat' dir='ltr'><strong>Gr.</strong></span> <span class='ocrx_word' id='word_1_190' title='bbox 1140 2444 1330 2485; x_wconf 90' lang='lat' dir='ltr'><strong>Lenzius</strong></span> <span class='ocrx_word' id='word_1_191' title='bbox 1353 2442 1399 2496; x_wconf 85' lang='grc'><strong>2)</strong></span> <span class='ocrx_word' id='word_1_192' title='bbox 1440 2444 1473 2485; x_wconf 95' lang='grc' dir='ltr'><strong>Ι.</strong></span> <span class='ocrx_word' id='word_1_193' title='bbox 1516 2444 1711 2499; x_wconf 86' lang='lat' dir='ltr'><strong>Silligius</strong></span> <span class='ocrx_word' id='word_1_194' title='bbox 1735 2442 1780 2497; x_wconf 81' lang='lat'><strong>3)</strong></span> <span class='ocrx_word' id='word_1_195' title='bbox 1830 2444 1889 2484; x_wconf 92' lang='lat' dir='ltr'><strong>M.</strong></span> <span class='ocrx_word' id='word_1_196' title='bbox 1935 2444 2153 2499; x_wconf 89' lang='lat' dir='ltr'><strong>Hauptius</strong></span> <span class='ocrx_word' id='word_1_197' title='bbox 2174 2440 2218 2502; x_wconf 81' lang='lat'><strong>4)</strong></span> <span class='ocrx_word' id='word_1_198' title='bbox 2272 2456 2363 2485; x_wconf 91' lang='lat' dir='ltr'><strong>non</strong></span> <span class='ocrx_word' id='word_1_199' title='bbox 2413 2457 2560 2499; x_wconf 82' lang='lat' dir='ltr'><strong>pauca</strong></span> 
     </span>
     <span class='ocr_line' id='line_1_19' title="bbox 262 2527 2559 2583; baseline 0 -14"><span class='ocrx_word' id='word_1_200' title='bbox 262 2527 612 2569; x_wconf 86' lang='lat' dir='ltr'><strong>adnotauerunt:</strong></span> <span class='ocrx_word' id='word_1_201' title='bbox 672 2529 747 2583; x_wconf 91' lang='lat' dir='ltr'><strong>qui</strong></span> <span class='ocrx_word' id='word_1_202' title='bbox 771 2540 882 2583; x_wconf 90' lang='lat' dir='ltr'><strong>quos</strong></span> <span class='ocrx_word' id='word_1_203' title='bbox 906 2527 1029 2570; x_wconf 90' lang='lat' dir='ltr'><strong>locos</strong></span> <span class='ocrx_word' id='word_1_204' title='bbox 1052 2527 1362 2569; x_wconf 87' lang='lat' dir='ltr'><strong>indicauerant</strong></span> <span class='ocrx_word' id='word_1_205' title='bbox 1385 2541 1461 2570; x_wconf 88' lang='lat' dir='ltr'><strong>eos</strong></span> <span class='ocrx_word' id='word_1_206' title='bbox 1483 2529 1577 2570; x_wconf 89' lang='lat' dir='ltr'><strong>fere</strong></span> <span class='ocrx_word' id='word_1_207' title='bbox 1611 2529 1884 2571; x_wconf 86' lang='lat' dir='ltr'><strong>Ribbeckius</strong></span> <span class='ocrx_word' id='word_1_208' title='bbox 1918 2530 1964 2570; x_wconf 90' lang='lat' dir='ltr'><strong>in</strong></span> <span class='ocrx_word' id='word_1_209' title='bbox 1997 2529 2199 2583; x_wconf 82' lang='lat' dir='ltr'><strong>margine</strong></span> <span class='ocrx_word' id='word_1_210' title='bbox 2235 2530 2415 2570; x_wconf 87' lang='lat' dir='ltr'><strong>maioris</strong></span> <span class='ocrx_word' id='word_1_211' title='bbox 2452 2543 2559 2571; x_wconf 89' lang='lat' dir='ltr'><strong>suae</strong></span> 
     </span>
     <span class='ocr_line' id='line_1_20' title="bbox 265 2612 2560 2670; baseline 0.001 -15"><span class='ocrx_word' id='word_1_212' title='bbox 265 2613 471 2656; x_wconf 89' lang='lat' dir='ltr'><strong>editionis</strong></span> <span class='ocrx_word' id='word_1_213' title='bbox 504 2626 649 2670; x_wconf 86' lang='lat' dir='ltr'><strong>nuper</strong></span> <span class='ocrx_word' id='word_1_214' title='bbox 675 2612 924 2670; x_wconf 86' lang='lat' dir='ltr'><strong>adscripsit.</strong></span> <span class='ocrx_word' id='word_1_215' title='bbox 984 2612 1069 2657; x_wconf 90' lang='lat' dir='ltr'><strong>Sed</strong></span> <span class='ocrx_word' id='word_1_216' title='bbox 1095 2613 1164 2656; x_wconf 90' lang='lat' dir='ltr'><strong>his</strong></span> <span class='ocrx_word' id='word_1_217' title='bbox 1193 2614 1302 2657; x_wconf 92' lang='lat' dir='ltr'><strong>locis</strong></span> <span class='ocrx_word' id='word_1_218' title='bbox 1337 2615 1442 2657; x_wconf 91' lang='lat' dir='ltr'><strong>solis</strong></span> <span class='ocrx_word' id='word_1_219' title='bbox 1478 2614 1770 2657; x_wconf 86' lang='lat' dir='ltr'><strong>imitationem</strong></span> <span class='ocrx_word' id='word_1_220' title='bbox 1806 2614 2091 2657; x_wconf 87' lang='lat' dir='ltr'><strong>catullianam</strong></span> <span class='ocrx_word' id='word_1_221' title='bbox 2126 2621 2285 2670; x_wconf 86' lang='lat' dir='ltr'><strong>poetae</strong></span> <span class='ocrx_word' id='word_1_222' title='bbox 2321 2613 2434 2657; x_wconf 87' lang='lat' dir='ltr'><strong>Ciris</strong></span> <span class='ocrx_word' id='word_1_223' title='bbox 2469 2628 2560 2657; x_wconf 85' lang='lat' dir='ltr'><strong>non</strong></span> 
     </span>
     <span class='ocr_line' id='line_1_21' title="bbox 260 2698 2241 2757; baseline 0.001 -16"><span class='ocrx_word' id='word_1_224' title='bbox 260 2699 481 2742; x_wconf 88' lang='lat' dir='ltr'><strong>contineri</strong></span> <span class='ocrx_word' id='word_1_225' title='bbox 514 2698 593 2742; x_wconf 91' lang='lat' dir='ltr'><strong>sed</strong></span> <span class='ocrx_word' id='word_1_226' title='bbox 627 2699 767 2742; x_wconf 91' lang='lat' dir='ltr'><strong>multo</strong></span> <span class='ocrx_word' id='word_1_227' title='bbox 801 2699 934 2742; x_wconf 89' lang='lat' dir='ltr'><strong>latius</strong></span> <span class='ocrx_word' id='word_1_228' title='bbox 967 2702 1123 2756; x_wconf 90' lang='lat' dir='ltr'><strong>patere</strong></span> <span class='ocrx_word' id='word_1_229' title='bbox 1155 2704 1310 2743; x_wconf 86' lang='lat' dir='ltr'><strong>nostra</strong></span> <span class='ocrx_word' id='word_1_230' title='bbox 1344 2699 1583 2757; x_wconf 89' lang='lat' dir='ltr'><strong>disputatio</strong></span> <span class='ocrx_word' id='word_1_231' title='bbox 1619 2701 1865 2744; x_wconf 90' lang='lat' dir='ltr'><strong>clarissime</strong></span> <span class='ocrx_word' id='word_1_232' title='bbox 1908 2699 2241 2742; x_wconf 85' lang='lat' dir='ltr'><strong>demonstrabit.</strong></span> 
     </span>
    </p>
   </div>
   <div class='ocr_carea' id='block_1_2' title="bbox 258 2824 553 2830">
    <p class='ocr_par' dir='ltr' id='par_1_6' title="bbox 258 2824 553 2830">
     <span class='ocr_line' id='line_1_22' title="bbox 258 2824 553 2830; baseline 0 0"><span class='ocrx_word' id='word_1_233' title='bbox 258 2824 553 2830; x_wconf 95' lang='lat' dir='ltr'><strong> </strong></span> 
     </span>
    </p>
   </div>
   <div class='ocr_carea' id='block_1_3' title="bbox 454 2908 2559 3025">
    <p class='ocr_par' dir='ltr' id='par_1_7' title="bbox 454 2908 2559 3025">
     <span class='ocr_line' id='line_1_23' title="bbox 454 2908 1906 2962; baseline 0.001 -15"><span class='ocrx_word' id='word_1_234' title='bbox 454 2911 503 2956; x_wconf 92' lang='lat'><strong>1)</strong></span> <span class='ocrx_word' id='word_1_235' title='bbox 533 2908 593 2951; x_wconf 82' lang='lat' dir='ltr'><strong>cf.</strong></span> <span class='ocrx_word' id='word_1_236' title='bbox 623 2911 731 2950; x_wconf 89' lang='lat' dir='ltr'><strong>liber</strong></span> <span class='ocrx_word' id='word_1_237' title='bbox 760 2911 1107 2950; x_wconf 86' lang='lat' dir='ltr'><strong>emendationum.</strong></span> <span class='ocrx_word' id='word_1_238' title='bbox 1165 2910 1423 2950; x_wconf 83' lang='lat' dir='ltr'><strong>Leouardiae</strong></span> <span class='ocrx_word' id='word_1_239' title='bbox 1454 2911 1559 2949; x_wconf 87' lang='lat'>1776</span> <span class='ocrx_word' id='word_1_240' title='bbox 1587 2923 1627 2962; x_wconf 91' lang='lat' dir='ltr'><strong>p.</strong></span> <span class='ocrx_word' id='word_1_241' title='bbox 1656 2911 1721 2949; x_wconf 87' lang='lat'><strong>33.</strong></span> <span class='ocrx_word' id='word_1_242' title='bbox 1751 2911 1813 2949; x_wconf 88' lang='lat'><strong>63.</strong></span> <span class='ocrx_word' id='word_1_243' title='bbox 1843 2911 1906 2948; x_wconf 83' lang='lat'><strong>64.</strong></span> 
     </span>
     <span class='ocr_line' id='line_1_24' title="bbox 454 2972 2559 3025; baseline 0 -13"><span class='ocrx_word' id='word_1_244' title='bbox 454 2975 499 3020; x_wconf 88' lang='grc'><strong>2)</strong></span> <span class='ocrx_word' id='word_1_245' title='bbox 529 2975 578 3011; x_wconf 86' lang='lat' dir='ltr'><strong>cf.</strong></span> <span class='ocrx_word' id='word_1_246' title='bbox 609 2973 653 3013; x_wconf 86' lang='lat' dir='ltr'><strong>C.</strong></span> <span class='ocrx_word' id='word_1_247' title='bbox 684 2975 845 3012; x_wconf 89' lang='lat' dir='ltr'><strong>Valerii</strong></span> <span class='ocrx_word' id='word_1_248' title='bbox 874 2973 1026 3013; x_wconf 87' lang='lat' dir='ltr'><strong>Catulli</strong></span> <span class='ocrx_word' id='word_1_249' title='bbox 1055 2986 1221 3013; x_wconf 87' lang='lat' dir='ltr'><strong>carmen</strong></span> <span class='ocrx_word' id='word_1_250' title='bbox 1251 2975 1302 3012; x_wconf 88' lang='lat' dir='ltr'><strong>de</strong></span> <span class='ocrx_word' id='word_1_251' title='bbox 1330 2975 1485 3025; x_wconf 88' lang='lat' dir='ltr'><strong>nuptiis</strong></span> <span class='ocrx_word' id='word_1_252' title='bbox 1515 2975 1632 3013; x_wconf 90' lang='lat' dir='ltr'><strong>Pelei</strong></span> <span class='ocrx_word' id='word_1_253' title='bbox 1660 2978 1701 3012; x_wconf 92' lang='lat' dir='ltr'><strong>et</strong></span> <span class='ocrx_word' id='word_1_254' title='bbox 1729 2974 1941 3012; x_wconf 86' lang='lat' dir='ltr'><strong>Thetidos.</strong></span> <span class='ocrx_word' id='word_1_255' title='bbox 1999 2974 2228 3012; x_wconf 89' lang='lat' dir='ltr'><strong>Illustrauit</strong></span> <span class='ocrx_word' id='word_1_256' title='bbox 2261 2972 2306 3012; x_wconf 87' lang='lat' dir='ltr'><strong>C.</strong></span> <span class='ocrx_word' id='word_1_257' title='bbox 2345 2973 2393 3013; x_wconf 88' lang='lat' dir='ltr'><strong>G.</strong></span> <span class='ocrx_word' id='word_1_258' title='bbox 2434 2975 2559 3013; x_wconf 87' lang='lat' dir='ltr'><strong>Lenz.</strong></span> 
     </span>
    </p>
   </div>
   <div class='ocr_carea' id='block_1_4' title="bbox 265 3035 2560 3217">
    <p class='ocr_par' dir='ltr' id='par_1_8' title="bbox 265 3035 2560 3217">
     <span class='ocr_line' id='line_1_25' title="bbox 265 3035 943 3090; baseline 0.003 -15"><span class='ocrx_word' id='word_1_259' title='bbox 265 3035 515 3089; x_wconf 89' lang='lat' dir='ltr'><strong>Altenburgi</strong></span> <span class='ocrx_word' id='word_1_260' title='bbox 545 3038 661 3078; x_wconf 85' lang='lat'><strong>1787.</strong></span> <span class='ocrx_word' id='word_1_261' title='bbox 716 3051 756 3090; x_wconf 88' lang='lat' dir='ltr'><strong>p.</strong></span> <span class='ocrx_word' id='word_1_262' title='bbox 786 3038 847 3077; x_wconf 91' lang='grc'><strong>82.</strong></span> <span class='ocrx_word' id='word_1_263' title='bbox 879 3038 943 3077; x_wconf 90' lang='grc'><strong>83.</strong></span> 
     </span>
     <span class='ocr_line' id='line_1_26' title="bbox 455 3102 2555 3153; baseline 0.001 -14"><span class='ocrx_word' id='word_1_264' title='bbox 455 3103 500 3145; x_wconf 86' lang='grc'><strong>3)</strong></span> <span class='ocrx_word' id='word_1_265' title='bbox 531 3103 578 3140; x_wconf 89' lang='lat' dir='ltr'><strong>cf.</strong></span> <span class='ocrx_word' id='word_1_266' title='bbox 601 3103 795 3141; x_wconf 85' lang='lat' dir='ltr'><strong>editionis</strong></span> <span class='ocrx_word' id='word_1_267' title='bbox 815 3102 990 3153; x_wconf 86' lang='lat' dir='ltr'><strong>Vergilii</strong></span> <span class='ocrx_word' id='word_1_268' title='bbox 1018 3104 1217 3153; x_wconf 80' lang='lat' dir='ltr'><strong>heyniani</strong></span> <span class='ocrx_word' id='word_1_269' title='bbox 1246 3106 1419 3152; x_wconf 85' lang='lat' dir='ltr'><strong>quartae</strong></span> <span class='ocrx_word' id='word_1_270' title='bbox 1451 3114 1574 3152; x_wconf 88' lang='lat' dir='ltr'><strong>quam</strong></span> <span class='ocrx_word' id='word_1_271' title='bbox 1610 3103 1715 3140; x_wconf 88' lang='lat' dir='ltr'><strong>Phil.</strong></span> <span class='ocrx_word' id='word_1_272' title='bbox 1744 3103 1930 3153; x_wconf 83' lang='lat' dir='ltr'><strong>Wagner</strong></span> <span class='ocrx_word' id='word_1_273' title='bbox 1956 3103 2116 3140; x_wconf 89' lang='lat' dir='ltr'><strong>curauit</strong></span> <span class='ocrx_word' id='word_1_274' title='bbox 2134 3103 2216 3140; x_wconf 91' lang='lat' dir='ltr'><strong>uol.</strong></span> <span class='ocrx_word' id='word_1_275' title='bbox 2236 3103 2317 3140; x_wconf 93' lang='lat' dir='ltr'>IIII</span> <span class='ocrx_word' id='word_1_276' title='bbox 2337 3115 2375 3153; x_wconf 88' lang='lat' dir='ltr'><strong>p.</strong></span> <span class='ocrx_word' id='word_1_277' title='bbox 2399 3105 2475 3141; x_wconf 84' lang='lat'><strong>155</strong></span> <span class='ocrx_word' id='word_1_278' title='bbox 2496 3115 2555 3153; x_wconf 89' lang='lat' dir='ltr'><strong>sq.</strong></span> 
     </span>
     <span class='ocr_line' id='line_1_27' title="bbox 450 3165 2560 3217; baseline 0.001 -13"><span class='ocrx_word' id='word_1_279' title='bbox 450 3166 498 3211; x_wconf 80' lang='lat'><strong>4)</strong></span> <span class='ocrx_word' id='word_1_280' title='bbox 528 3167 575 3204; x_wconf 87' lang='lat' dir='ltr'><strong>cf.</strong></span> <span class='ocrx_word' id='word_1_281' title='bbox 596 3172 754 3215; x_wconf 83' lang='lat' dir='ltr'><strong>quaest.</strong></span> <span class='ocrx_word' id='word_1_282' title='bbox 776 3166 913 3205; x_wconf 85' lang='lat' dir='ltr'><strong>catull.</strong></span> <span class='ocrx_word' id='word_1_283' title='bbox 955 3166 1068 3217; x_wconf 89' lang='lat' dir='ltr'><strong>Lips.</strong></span> <span class='ocrx_word' id='word_1_284' title='bbox 1087 3166 1205 3205; x_wconf 82' lang='lat'><strong>1837.</strong></span> <span class='ocrx_word' id='word_1_285' title='bbox 1251 3179 1291 3217; x_wconf 86' lang='lat' dir='ltr'><strong>p.</strong></span> <span class='ocrx_word' id='word_1_286' title='bbox 1310 3167 1375 3205; x_wconf 87' lang='lat'><strong>45.</strong></span> <span class='ocrx_word' id='word_1_287' title='bbox 1397 3166 1460 3205; x_wconf 83' lang='lat'><strong>75.</strong></span> <span class='ocrx_word' id='word_1_288' title='bbox 1509 3166 1704 3206; x_wconf 85' lang='lat' dir='ltr'><strong>obseruat</strong></span> <span class='ocrx_word' id='word_1_289' title='bbox 1732 3167 1820 3205; x_wconf 86' lang='lat' dir='ltr'><strong>crit.</strong></span> <span class='ocrx_word' id='word_1_290' title='bbox 1867 3166 1978 3217; x_wconf 88' lang='lat' dir='ltr'><strong>Lips.</strong></span> <span class='ocrx_word' id='word_1_291' title='bbox 2010 3165 2125 3205; x_wconf 85' lang='lat'><strong>1841.</strong></span> <span class='ocrx_word' id='word_1_292' title='bbox 2154 3179 2194 3216; x_wconf 91' lang='lat' dir='ltr'><strong>p.</strong></span> <span class='ocrx_word' id='word_1_293' title='bbox 2214 3166 2251 3205; x_wconf 88' lang='lat'><strong>6.</strong></span> <span class='ocrx_word' id='word_1_294' title='bbox 2273 3166 2336 3205; x_wconf 86' lang='lat'><strong>14.</strong></span> <span class='ocrx_word' id='word_1_295' title='bbox 2375 3171 2560 3206; x_wconf 87' lang='lat' dir='ltr'><strong>monats-</strong></span> 
     </span>
    </p>
   </div>
   <div class='ocr_carea' id='block_1_5' title="bbox 259 3227 2302 3334">
    <p class='ocr_par' dir='ltr' id='par_1_9' title="bbox 259 3227 2302 3334">
     <span class='ocr_line' id='line_1_28' title="bbox 259 3227 1373 3282; baseline 0.001 -14"><span class='ocrx_word' id='word_1_296' title='bbox 259 3227 348 3269; x_wconf 85' lang='lat' dir='ltr'><strong>ber.</strong></span> <span class='ocrx_word' id='word_1_297' title='bbox 378 3228 418 3268; x_wconf 92' lang='lat' dir='ltr'><strong>d.</strong></span> <span class='ocrx_word' id='word_1_298' title='bbox 450 3228 558 3269; x_wconf 87' lang='lat' dir='ltr'><strong>Berl.</strong></span> <span class='ocrx_word' id='word_1_299' title='bbox 589 3229 713 3270; x_wconf 85' lang='lat' dir='ltr'><strong>akad.</strong></span> <span class='ocrx_word' id='word_1_300' title='bbox 743 3230 782 3269; x_wconf 91' lang='lat' dir='ltr'><strong>d.</strong></span> <span class='ocrx_word' id='word_1_301' title='bbox 811 3230 1051 3270; x_wconf 84' lang='lat' dir='ltr'><strong>wissensch.</strong></span> <span class='ocrx_word' id='word_1_302' title='bbox 1081 3230 1186 3269; x_wconf 89' lang='lat'>1858</span> <span class='ocrx_word' id='word_1_303' title='bbox 1213 3242 1254 3282; x_wconf 89' lang='lat' dir='ltr'><strong>p.</strong></span> <span class='ocrx_word' id='word_1_304' title='bbox 1283 3230 1373 3269; x_wconf 86' lang='lat'><strong>659.</strong></span> 
     </span>
     <span class='ocr_line' id='line_1_29' title="bbox 2284 3304 2302 3334; baseline 0 0"><span class='ocrx_word' id='word_1_305' title='bbox 2284 3304 2302 3334; x_wconf 94' lang='lat'>1</span> 
     </span>
    </p>
   </div>
   <div class='ocr_carea' id='block_1_6' title="bbox 2409 0 2796 139">
    <p class='ocr_par' dir='ltr' id='par_1_10' title="bbox 2409 0 2796 139">
     <span class='ocr_line' id='line_1_30' title="bbox 2409 0 2796 139; baseline 0 3293"><span class='ocrx_word' id='word_1_306' title='bbox 2409 0 2796 139; x_wconf 95' lang='lat' dir='ltr'><strong> </strong></span> 
     </span>
    </p>
   </div>
  </div>
 </body>
</html>
